2678 3646
600 127 1218 201 PERIODUS
1270 130 1774 223 QUINTA.
2064 142 2189 235 145'

121 253 321 321 deviat
332 251 647 344 spiritualis
663 255 847 314 minor
863 293 884 325 ,
929 244 962 313 ci
974 248 1079 337 fico
1095 248 1369 338 stiperiori
1383 272 1403 310 .·
1447 254 1508 313 Si
1523 245 1662 313 verb
1672 250 2155 338 supremadeviat
2170 302 2194 332 ,

64 354 95 366 ’“
116 349 150 412 ἃ
161 351 282 438 stilo
299 363 417 415 Deo
434 397 448 418 ,
496 370 608 410 non
626 341 694 408 ab
712 342 933 409 homine
952 348 1161 434 poterit
1167 343 1422 428 judicari
1437 391 1453 414 ‚
1500 343 1721 430 testante
1752 346 2025 435 Apostolo:
2075 357 2193 440 spi-

116 447 336 511 ritualis
370 441 529 506 homo
544 439 764 529 judicat
779 443 963 504 omnia
987 488 1002 513 ,
1048 437 1151 528 ipse
1169 435 1306 500 verb
1323 435 1356 500 a*
1375 444 1595 502 nemine
1605 440 1911 529 judicatur.
1995 442 2190 527 vPost-

116 559 318 626 quam
355 535 439 601 fic
459 534 865 623 Scripturam
903 532 1124 620 Papa,
1170 554 1303 596 non
1338 529 1517 597 secus
1552 532 1638 598 ad
1673 533 2039 623 Pasquillus
2074 536 2190 602 ali-

113 634 263 720 quis
285 631 631 697 Romanus
652 626 941 696 ludibrio
959 625 1189 710 habuit
1208 672 1229 703 ‚
1276 647 1360 690 ex
1398 626 1697 693 ridiculis
1729 631 2176 698 antecedenti-

115 726 233 811 bus
253 724 675 816 impudenter
709 724 802 789 ita
836 718 1214 787 concludit:
1307 717 1691 812 Porrbstibcffi
1722 722 1965 788 Romano
2001 732 2185 793 Ponti-
2276 727 2280 731 ⁴

109 821 198 911 fici
230 825 381 885 omni
414 817 664 882 humanae
698 835 949 881 creaturae
983 815 1318 880 declaramus
1334 863 1349 886 ‚
1410 815 1639 881 dicimus
1654 865 1669 887 ,
1735 818 2024 898 definimus
2041 866 2061 897 ,
2108 821 2183 898 (ῤ’

90 922 518 1003 pronuntiamus
550 916 771 976 omnino
805 905 900 1002 ff
915 910 983 975 de
996 907 1297 999 neceffttate
1308 907 1524 997 stlatis.
1616 908 1987 977 Clariffime
2024 914 2179 980 hinc
2203 944 2330 1008 sz
2341 941 2479 1000 fiten-

104 1007 356 1097 liquet‚
409 1003 770 1100 Jubilaeum
820 1002 1028 1070 isthoc
1063 997 1399 1067 Bonifacii
1450 1001 1782 1070 solennem
1835 1008 2172 1096 quandam
2197 1012 2469 1086 θύσων*

105 1103 677 1194 inaugurationem
717 1096 936 1168 fuisse,
982 1117 1114 1184 qua
1149 1094 1211 1160 se
1248 1096 1706 1164 Dominumin
1746 1098 1934 1166 Orbe
1972 1089 2511 1207 Chri-}Z{Jf“;f{f1‘se

104 1195 309 1263 stiano
326 1195 703 1286 supremum
721 1237 743 1269 ‚
790 1188 1115 1257 Caesarem
1135 1196 1201 1256 δε
1223 1187 1623 1256 Pontificem
1659 1192 1784 1257 effe
1802 1240 1823 1271 ,
1870 1213 2170 1266 veterum
2192 1207 2477 1254 oomfnumin

101 1290 552 1381 Augustorum
603 1285 1070 1351 Romanorum
1104 1281 1515 1361 imitatione,
1577 1287 1697 1375 qui
1733 1287 2169 1378 Imperatores
2191 1270 2509 1398 Zbsjss’g’stiae-

105 1384 296 1451 simul
319 1393 385 1453 δε
407 1378 762 1450 Pontifices
782 1396 998 1456 erant;
1047 1376 1402 1469 magnifice
1425 1377 1608 1470 Papa
1626 1380 1983 1449 declaravit
2001 1430 2022 1461 ,
2070 1409 2168 1451 ea-
2191 1377 2341 1468 mm',
2390 1371 2504 1451 ‘mn-

98 1480 252 1546 dem
283 1502 481 1571 opera
516 1474 826 1566 pecunias
863 1520 882 1551 ‚
943 1471 1232 1562 supremi
1250 1472 1515 1562 imperii
1551 1497 1825 1542 nervum
1862 1523 1884 1555 ,
1952 1480 2160 1546 unde-
2184 1463 2433 1573 gfifem&

95 1576 462 1664 quaquein
481 1587 616 1636 rete
632 1568 669 1634 s
660 1592 820 1634 uum
841 1566 1265 1658 piscatorium
1285 1565 1632 1634 attrahens.
1725 1572 2164 1664 Dignumque
2185 1538 2470 1648 daza-:512

93 1684 460 1734 memoratu
481 1663 571 1731 est
590 1710 610 1743 ,
656 1663 848 1753 quod
866 1661 1104 1728 eodem
1123 1661 1234 1727 die
1258 1660 1549 1753 Jubilaeo
1567 1709 1589 1741 ,
1635 1686 1775 1754 quo
1795 1666 2160 1757 Papa-Cae-

87 1761 404 1829 sareatum
420 1759 609 1826 suum
628 1755 1012 1824 Bonifacius
1032 1755 1383 1823 ostentavit
1400 1803 1421 1835 ,
1468 1758 1936 1826 Monarchiam
1954 1765 2155 1832 etiam

90 1855 451 1924 Turcicam
503 1853 961 1919 Ottomannus
1012 1849 1383 1938 auspicatus
1437 1848 1637 1918 fuerit
1674 1879 1687 1919 :
1754 1853 1950 1943 plane
1984 1856 2151 1925 ficut

87 1952 363 2019 antehac
399 1947 636 2015 eodem
655 1963 961 2032 tempore
997 1941 1381 2008 Bonifacius
1401 1944 1525 2010 ΙΙΙ.»
1567 1946 1969 2014 Universalis
1989 1951 2152 2041 Epi-

83 2044 269 2137 scopi
304 2045 568 2112 axioma
586 2038 702 2105 sibi
736 2035 1152 2112 vendicavit,
1198 2059 1337 2124 quo
1357 2038 1554 2105 etiam
1575 2039 2023 2111 Muhammed
2059 2068 2144 2112 ex

88 2164 249 2207 orco
268 2155 471 2228 caput
489 2134 716 2202 intulit
735 2177 755 2208 ‚
802 2138 866 2198 ὃ(
887 2126 1149 2197 nefariae
1169 2128 1352 2196 sec‘cae
1373 2128 1803 2201 fundamenta
1828 2138 2011 2225 jecit.

173 2230 476 2301 CXVII.
520 2226 712 2315 Qid
728 2222 1136 2317 potissimum
1154 2223 1459 2315 spestarit
1475 2225 1996 2299 Bonifaciusiste
2021 2232 2146 2325 Ju-
2248 2291 2255 2298 .
2399 2302 2404 2309 ,

86 2328 282 2395 bilaeo
302 2325 601 2395 instituto
622 2368 642 2399 ‚
689 2317 735 2385 fi
771 2319 920 2407 quis
937 2317 1270 2409 ambigat,
1317 2341 1397 2385 ex
1420 2321 1559 2387 vita
1594 2323 1971 2392 &moribus
2008 2330 2145 2416 ejus
2174 2293 2488 2422 ῗζλῃφζῖῑόἧινῗῖ,

86 2419 428 2489 aestimabit
462 2413 678 2483 facile.
770 2411 1082 2480 Praeclare
1118 2414 1293 2478 enim
1317 2415 1418 2482 M.
1441 2414 1713 2483 Tullius
1734 2465 1755 2496 ,
1804 2419 2154 2496 Omnibusin
2177 2431 2339 2496 (πνέω
2353 2428 2414 2505 ὅ·

81 2516 241 2584 rebus
254 2565 270 2589 ‚
317 2513 536 2604 inquit
556 2557 577 2588 ,
623 2533 733 2600 quae
756 2513 1051 2599 graviores
1066 2508 1385 2599 majoresque
1414 2511 1555 2600 siant
1573 2557 1593 2588 ,
1638 2513 1779 2604 quid
1792 2517 2016 2606 quisque
2049 2543 2155 2583 vo-
2178 2493 2461 2622 Ξῗῇἑξζὲῐμιι

81 2615 248 2677 luerit
263 2660 279 2684 ‚
326 2610 652 2701 cogitaverit
668 2653 683 2676 ‚
729 2599 1007 2693 admistrit
1041 2646 1062 2681 ‚
1126 2626 1237 2667 non
1268 2627 1339 2667 ex
1371 2609 1601 2669 crimine
1617 2650 1638 2683 ,
1665 2608 1778 2696 ſsd
1807 2634 1881 2673 ex
1917 2610 2158 2678 moribus

84 2708 194 2780 ejus
210 2751 231 2782 ,
276 2709 369 2795 qui
402 2706 659 2793 arguitur
676 2743 696 2775 ‚
742 2695 811 2784 «st
831 2697 1269 2788 ponderandum.
1359 2698 1555 2765 Anne
1591 2722 1752 2792 ergo
1788 2701 1897 2768 hic
1935 2705 2114 2797 Papa
2134 2754 2157 2785 ,

89 2815 164 2863 ut
200 2798 464 2864 nomine
500 2796 591 2860 ita
626 2815 693 2857 re
727 2813 997 2879 quoque
1031 2789 1161 2858 fuit
1181 2789 1566 2859 Bonifacius
1595 2804 1617 2859 ?
1665 2796 1809 2862 Imo
1847 2801 2152 2869 omnium

86 2888 432 2958 hominum
452 2936 473 2967 ,
518 2909 686 2977 quos
706 2883 800 2951 sol
834 2885 1005 2953 vidit
1024 2932 1045 2964 ‚
1092 2884 1407 2977 pellimus
1433 2885 1566 2955 fuit
1585 2935 1605 2966 ,
1653 2897 1719 2958 &
1741 2891 2154 2983 flagitiosissi-

86 3007 234 3051 mus
274 3032 290 3056 ,
357 2980 647 3074 procella
698 2977 999 3046 Ecclesiae
1035 3026 1055 3059 ,
1116 2979 1316 3047 turbo
1356 2988 1422 3049 ὃς
1459 2984 1809 3074 tempestas
1850 2987 2144 3079 Reipub.

0 3131 2 3170 3
83 3076 469 3146 Christianae
505 3123 526 3154 ,
589 3075 721 3141 Dei
760 3075 953 3162 juxta
1001 3092 1202 3164 atque
1253 3075 1606 3143 hominum
1660 3099 2085 3173 contemptor
2121 3131 2143 3160 ,

0 3196 3 3216 ³
79 3175 394 3262 idemque
429 3190 664 3263 gurges
701 3166 1246 3260 profundiffimus
1299 3179 1367 3240 &
1401 3171 1782 3241 insatiabilis
1821 3222 1842 3253 ,
1905 3200 2138 3243 aurum

2 3281 4 3341 ζ
77 3270 506 3360 undiquaque
541 3260 1402 3355 conquisituminfernaliter
1435 3264 1671 3335 fitiens.
1765 3269 1929 3336 Hoc
1965 3273 2143 3337 enim

1168 3359 1239 3427 T
1978 3365 2149 3436 testi-
