2678 3646
506 165 639 246 268
936 144 1567 235 soCLESIAE
1616 139 2194 219 ROMANAE

510 272 835 344 inauditae-
857 263 1249 333 carnificinae
1268 309 1290 341 ,
1335 262 1802 354 aliquantisper
1818 263 2051 330 exosus
2072 263 2404 333 &inutilis
2431 262 2584 337 sues
2650 260 2661 261 ‘⁷

514 370 617 438 rit.
667 366 935 431 Summa
954 359 1181 448 paucis
1200 356 1326 423 illis
1347 358 1577 424 diebus
1615 358 1941 424 Coesorum
1961 403 1981 436 ,
2028 359 2217 447 quod
2253 360 2407 428 Rex
2442 356 2579 449 ipse

522 465 590 528 1'n
612 451 1057 546 Responsione
1077 451 1163 517 ad
1184 451 1509 542 Legatum
1532 450 1875 519 Pontificis
1896 499 1917 530 ,
1964 451 2122 518 teste
2140 454 2208 517 in
2242 455 2379 519 vita
2414 453 2578 520 Gre-

513 553 689 642 *gorii
709 550 778 615 Χ
800 542 953 614 ΙΙΙ.
993 544 1314 620 Cicarella
1332 592 1352 624 ‚
1388 544 1580 612 faffus
1616 545 1706 612 est
1725 593 1744 624 ,
1780 546 1865 611 ad
1899 545 2310 636 septuaginta
2343 546 2549 613 millia
2569 597 2584 621 ‚

512 644 625 711 ⁴vel
639 690 663 723 ¹,
699 660 773 708 ut
791 640 903 706 alii
918 638 1319 731 colligebant
1338 687 1358 717 ,
1378 641 1462 706 ad
1480 639 1630 730 plus
1651 642 1855 731 quam
1874 659 2142 707 centum
2161 640 2366 707 millia
2390 640 2585 708 Chri-

518 739 871 806 stianorum
892 736 1196 801 excurrit.
1247 733 1595 823 Auxitque
1613 732 1953 824 infamiam
1992 733 2299 802 facinoris
2319 781 2340 813 ,
2386 736 2578 825 quod

520 829 1097 901 Rexcrudelitatis
1118 846 1343 897 notam
1362 876 1383 907 ,
1409 852 1607 917 quam
1628 852 1709 894 ne
1728 829 1990 922 Thetys
2028 829 2303 918 quidem
2322 833 2579 897 univer-

517 925 592 991 fis
613 924 804 991 undis
824 923 948 990 suis
968 921 1243 990 abluerit
1261 969 1284 1001 ,
1329 924 1596 1013 perjurii
1615 922 1870 988 macula
1889 922 2269 990 cumulavit.
2324 923 2583 990 Gnarus

516 1021 691 1087 enim
711 1018 861 1097 ille,
910 1018 1192 1107 dejerare
1226 1024 1291 1085 ὃς
1327 1020 1610 1106 pejerare
1644 1017 1859 1083 suetus
1879 1063 1900 1094 ,
1948 1018 2275 1085 neminem
2312 1017 2582 1085 celerius

517 1113 850 1204 opprimi,
898 1114 1101 1201 quam
1121 1113 1239 1200 qui
1258 1112 1423 1176 nihil
1457 1113 1645 1177 timet
1664 1148 1683 1190 3
1731 1120 1796 1180 &
1835 1109 2429 1201 frequentissimum
2465 1114 2583 1179 ini-

521 1211 692 1275 tium
711 1206 1096 1272 calamitatis
1116 1206 1239 1271 effe
1258 1205 1666 1272 securitatem
1686 1242 1704 1284 3
1754 1207 1947 1272 nimis
1985 1205 2285 1272 credulos
2307 1215 2371 1276 &
2393 1206 2578 1273 bonae

526 1301 685 1368 fidei
722 1299 1146 1368 Protestantes
1167 1347 1188 1379 ,
1236 1301 1354 1388 qui
1387 1300 1467 1364 ab
1503 1301 1687 1380 omni
1724 1297 1955 1367 fraude
1991 1310 2055 1369 ὃς
2092 1299 2337 1367 insidiis
2374 1300 2582 1369 securi

525 1397 749 1486 potius
769 1396 972 1484 quam
993 1395 1121 1460 tuti
1142 1440 1162 1471 ,
1208 1396 1275 1463 in
1298 1395 1514 1484 Regia
1537 1393 1669 1460 fide
1688 1442 1708 1473 ,
1754 1397 1999 1461 recenti
2020 1395 2154 1461 fide
2188 1417 2343 1461 cum
2379 1396 2591 1488 Regi-

525 1491 644 1576 bus
666 1487 1207 1579 Principibusque
1225 1489 1456 1553 vicinis
1477 1489 1634 1554 inita
1653 1535 1674 1566 ‚
1721 1489 1806 1554 ad
1824 1488 2202 1555 servandam
2222 1512 2452 1579 pacem
2473 1491 2588 1557 ad-

528 1583 740 1651 stri8m
773 1582 1265 1673 acquiescebant
1284 1628 1304 1659 ,
1340 1583 1720 1670 nuptiarum
1744 1583 2106 1672 Regiarum
2128 1584 2407 1648 Henrici
2424 1584 2589 1649 scili-

533 1696 636 1745 cet
657 1678 732 1746 N
738 1679 944 1744 avarri
963 1685 1029 1746 ὃς
1052 1675 1488 1767 Margarethae
1507 1674 1778 1744 Valesiae
1797 1722 1819 1754 ,
1869 1675 2099 1770 Caroli
2120 1676 2328 1767 Regis
2349 1677 2584 1742 Galliae

534 1771 785 1841 Sororis
804 1819 825 1851 ,
871 1788 1178 1840 evocatos
1214 1768 1427 1841 illico,
1466 1768 1762 1859 perfidiae
1798 1770 1922 1835 suae
1942 1769 2397 1836 crudeliffimae
2413 1770 2589 1842 calli-.-

533 1866 655 1932 bus
687 1865 1041 1957 implicuit.
2414 1882 2416 1884 ·

205 1949 462 2061 ζζξζῗᾷξμ
622 1961 685 2027 C
707 1961 774 2028 V
798 1960 860 2026 C
890 1961 951 2030 V
974 1961 1024 2025 1.
1074 1959 1271 2025 Hanc
1293 1955 1530 2024 furoris
1549 1957 1832 2025 inauditi
1847 1956 2168 2025 lanienam
2188 2007 2202 2031 ,
2240 1960 2389 2025 cum
2411 1958 2495 2028 ad
2516 1981 2598 2025 ae-

203 2038 324 2127 nu‘itis
350 2082 512 2140 excusta-
532 2072 784 2123 ternam
802 2053 1047 2121 Gallici
1064 2053 1345 2119 nominis
1381 2060 1447 2120 &
1483 2051 1852 2119 Pontificiae
1890 2053 2221 2144 religionis
2257 2051 2599 2130 infamiam

204 2159 283 2205 “³³
539 2151 864 2241 pertinere
893 2149 1268 2238 judicarent
1288 2146 1526 2212 merito
1547 2147 1671 2212 viri
1690 2147 2014 2238 dignitate
2033 2155 2097 2215 ὃς
2118 2146 2413 2213 ἀοξὶῑὶηε.
2433 2172 2597 2238 prae-

539 2243 772 2310 stantes
809 2291 830 2323 ,
878 2241 1337 2332 Scombergius
1376 2287 1397 2318 ,
1445 2239 1896 2307 Morvillerius
1916 2288 1936 2319 ,
1984 2240 2310 2308 Thuanus
2364 2261 2550 2332 pater
2581 2293 2598 2318 ,

540 2337 963 2411 Monlucius‚
999 2335 1334 2404 Bibracius
1355 2380 1374 2414 ,
1430 2335 1746 2423 Cujacius
1766 2382 1787 2414 ,
1837 2334 1986 2414 alii,
2040 2333 2268 2426 paffim
2305 2337 2372 2403 in
2409 2335 2603 2403 Polo-

542 2432 647 2496 nia
666 2480 686 2512 ,
732 2432 1084 2500 Germania
1105 2478 1120 2502 ‚
1168 2428 1383 2500 Gallia
1401 2475 1427 2506 ‚,.
1466 2426 1760 2521 alibique
1793 2475 1814 2508 ,
1860 2447 1935 2496 ut
1988 2430 2213 2520 Regni
2264 2428 2608 2521 Regisque

548 2522 724 2590 bono
742 2572 763 2603 ,
808 2524 998 2592 famae
1035 2534 1100 2595 ὃς
1134 2522 1370 2591 honori
1386 2521 1822 2596 consulerent,
1870 2521 2176 2591 officiosis
2210 2526 2610 2604 mendaciis,

492 2700 496 2704 Ι
545 2615 749 2682 scelus
769 2637 1097 2708 patratum
1115 2636 1228 2685 aut
1247 2617 1542 2684 simulate
1563 2615 1825 2684 laudare
1841 2664 1863 2696 ,
1898 2617 2236 2689 autastute
2255 2619 2603 2685 imminue-

548 2732 617 2774 re
636 2757 656 2787 ,
677 2711 780 2776 vel
797 2710 1302 2802 exquisitissimis
1323 2735 1404 2777 ex
1425 2709 1580 2778 falsa
1599 2715 1961 2778 narratione
1980 2712 2254 2779 detortis
2275 2715 2605 2780 ratiuncu-

236 2879 247 2893 ἡ
550 2799 628 2866 lis
663 2804 999 2893 ingeniose
1018 2806 1266 2873 diluere
1284 2804 1943 2873 necessehabuerunt:
1994 2806 2181 2895 quod
2215 2809 2383 2874 intra
2416 2805 2479 2872 se
2513 2825 2608 2875 ta-

222 2899 255 2930 *
282 2879 473 2934 Thmmo,
558 2915 708 2959 men
727 2898 1027 2965 omnibus
1047 2901 1203 2967 diris
1223 2899 1888 2990 &imprecationibus
1908 2899 2339 2990 flagellabant.
2377 2900 2612 2968 Thua-

556 3008 678 3053 nus
695 2989 870 3053 certe
889 2990 1278 3059 Parlamenti
1297 2992 1653 3060 Parifienfis
1675 2994 1900 3060 Praeses
1919 3041 1939 3071 ,
1959 2995 2105 3061 illos
2126 2993 2316 3061 Statii
2335 2997 2611 3086 Papinii,

564 3103 646 3146 ex
682 3090 737 3144 T
730 3079 849 3145 heb.
883 3080 975 3147 lib.
994 3095 1029 3146 I
1047 3097 1097 3152 I.
1144 3087 1358 3152 versus
1378 3134 1399 3165 ,
1434 3090 1501 3154 in
1521 3088 1704 3157 causa
1720 3089 1969 3178 impare
1986 3087 2141 3155 licet
2161 3136 2180 3168 ,
2201 3089 2328 3155 huc
2349 3112 2607 3159 accom-

563 3174 896 3266 modavit:

733 3268 965 3336 Excidat
995 3271 1091 3336 illa
1123 3270 1233 3338 dies
1265 3297 1382 3339 aevo
1397 3322 1414 3347 ‚
1442 3298 1555 3339 >nec
1569 3277 1780 3366 pestem
1813 3277 2033 3345 credant

2430 3367 2612 3437 Secula
