2678 3646
577 105 1192 228 PEiuonus
1241 153 1651 228 SEXTA.
2016 181 2147 250 241
2216 114 2237 126 ”

17 278 21 282 ’
86 275 252 343 tiens
287 270 417 341 ille.
466 271 655 342 Nam
689 288 766 339 ut
800 270 886 338 de
920 268 1169 339 coelesti
1205 272 1489 363 imperio
1525 270 1692 341 nihil
1710 270 1930 341 dicam
1971 319 1994 353 ,
2038 272 2156 341 ubi

86 377 295 437 terreni
311 373 529 462 imperii
546 364 759 433 claves
782 365 1083 433 Christus
1104 366 1416 434 Pontifici
1434 367 1666 437 tribuit
1686 366 1765 462 ἓ)
1811 374 2031 461 imperii
2046 394 2159 434 cre-

87 466 206 530 dita
231 467 343 553 fini
358 514 372 537 ‚
410 468 638 556 accipere
641 460 886 553 potuiſjse.
935 462 1253 553 Cumque
1273 479 1399 545 tres
1419 464 1667 531 menses
1687 463 1929 532 Romae
1951 465 2160 556 Lega-

86 578 234 626 tum
258 558 620 627 Caesareum
641 556 1105 624 Husmannum
1126 556 1610 649 detinuissetme
1622 559 1899 648 quidem
1918 560 1984 625 in
2005 582 2161 625 con-

83 653 120 719 s
112 653 381 743 peetum
398 651 611 743 ipsum
630 651 978 717 admittere
996 651 1306 742 dignatus
1324 703 1339 725 ,
1358 652 1771 742 ineptissimis
1790 654 2052 721 interim
2072 654 2160 719 de

88 748 290 837 Papae
343 744 700 837 potestate,
754 743 808 809 F
814 743 1296 834 erdinandique
1331 747 1605 836 persona
1654 746 1895 839 (quem
1932 797 1952 829 ,
2000 746 2159 815 teste

87 843 287 907 etiam
309 864 519 931 nuper
538 838 838 907 Masenio
857 886 877 917 ,
922 841 1220 932 inconsttlta
1255 843 1391 907 Sede
1423 854 1674 909 Romana
1709 848 1772 908 in
1792 849 2041 909 Comitiis
2059 843 2161 907 col·
2267 867 2271 871 ’

84 937 371 1026 loquigssq'ue
404 936 576 1000 multa
609 935 677 999 de
711 937 986 1025 Religione
1018 934 1293 1025 trac‘i‘eiſje,
1352 949 1542 1002 Pacem
1577 947 1731 1029 Papa
1765 936 2162 1030 iniquiſjimam
2250 940 2255 946 ’

90 1037 378 1096 Germanis
414 1024 657 1121 Paffiivii
690 1023 951 1118 indtclstffl’
967 1077 988 1107 ,
1034 1031 1308 1120 utriusque
1336 1031 1536 1122 speciei
1584 1034 1738 1121 issam
1773 1032 2004 1120 Austriis
2023 1052 2158 1123 per·-

89 1131 313 1194 miiiere
328 1173 342 1198 ,
379 1126 583 1188 Filium
617 1127 1093 1188 Maximilianum
1114 1144 1275 1213 paene
1307 1130 1369 1188 in
1387 1127 1639 1212 consortio
1673 1124 2163 1215 &familiaritate

85 1216 459 1285 hareticorum
486 1215 757 1307 >eductissc½
792 1216 1177 1307 inexpiabili
1198 1218 1457 1283 crimini
1477 1216 1714 1309 dabat)
1765 1242 1882 1309 per
1920 1218 2160 1285 Cardi-

90 1312 263 1377 naies
284 1313 701 1383 examinatis:
753 1310 1100 1401 postquam
1124 1312 1321 1377 etiam
1348 1311 1649 1402 Philippi
1686 1311 2160 1403 Hispaniarum

88 1406 339 1497 Regis,
386 1405 644 1481 causam
699 1405 1102 1472 Ferdinandi
1156 1408 1374 1496 patrui
1409 1430 1527 1498 per
1563 1406 1881 1476 Oratores
1914 1407 2161 1475 obnixe

89 1501 615 1567 commendantis
636 1522 859 1589 preces
884 1500 1038 1570 esset
1073 1498 1447 1590 aspernatus
1467 1537 1486 1580 3
1535 1500 1806 1568 tandem
1840 1501 2057 1592 ipsum
2095 1526 2162 1569 re

90 1593 334 1661 infecta
355 1593 602 1661 dimisit
621 1641 641 1671 ‚
688 1595 880 1682 quod
899 1594 1145 1661 diceret
1165 1641 1185 1672 ,
1220 1594 1504 1685 amplius
1525 1618 1598 1660 ea
1617 1594 1700 1660 de
1718 1619 1786 1662 re
1804 1594 2165 1663 deliberan-

86 1690 253 1757 dum
285 1687 426 1756 effe.
476 1689 647 1776 Qlae
669 1687 1056 1755 deliberatio
1077 1712 1210 1754 non
1228 1687 1413 1755 aliud
1431 1691 1635 1779 quam
1655 1688 2008 1758 deliberata
2028 1690 2165 1757 elu-

92 1783 183 1850 fio
236 1782 409 1861 fuit,
456 1806 589 1872 qua
645 1781 1214 1849 confirmationem
1261 1783 1713 1873 Imperatoris
1733 1782 2170 1874 splendidissi-

90 1878 213 1950 mis
235 1879 371 1964 ejus
393 1875 603 1942 titulis
624 1874 881 1940 efficere
919 1893 1189 1941 conatus
1211 1920 1231 1952 ‚
1278 1877 1565 1966 eousque
1599 1877 1956 1967 protelavit
1973 1926 1994 1959 ,
2041 1878 2165 1945 do-

91 1994 211 2038 nec
233 1969 370 2060 ipse
407 1969 443 2031 e
480 1970 618 2034 vita
636 1969 997 2035 excederet.
2016 2023 2019 2027 .

181 2065 244 2130 C
274 2065 327 2130 L
348 2061 419 2128 X
441 2062 511 2128 X
534 2061 726 2128 XII.
778 2061 1021 2128 Talem
1055 2062 1116 2129 se
1150 2063 1392 2131 Paulus
1429 2087 1580 2157 erga
1616 2064 1954 2158 Principes
1986 2066 2158 2133 sum-
2174 2084 2379 2132 studium
2407 2099 2474 2130 re-

89 2181 239 2224 mos
261 2155 463 2249 gessit.
510 2175 585 2222 ut
619 2162 887 2222 Draconis
926 2164 991 2225 δε
1013 2164 1207 2224 Leonis
1227 2158 1428 2225 fidem
1449 2160 1764 2249 vaticinio
1784 2162 2046 2228 abunde
2067 2150 2494 2261 fe·{'s'”·‘'⁷¹j{‘jma,

94 2254 273 2320 cerit.
320 2252 571 2340 Neque
604 2248 907 2316 Ecclefiae
942 2253 1165 2319 mitius
1202 2252 1547 2321 consuluit.
1598 2253 1973 2322 Cardinalis
2013 2258 2160 2346 qui-
2178 2233 2457 2346 „Zrst‘mam
2479 2310 2496 2335 ,

94 2348 249 2414 dem
271 2345 488 2412 adhuc
509 2344 941 2436 nomineJoh.
965 2347 1143 2413 Petri
1181 2347 1555 2416 Cardinalis
1591 2347 1952 2429 Theatini,
1998 2352 2169 2420 inter

91 2441 258 2531 elios
295 2442 490 2506 etiam
530 2437 709 2505 faber
745 2437 876 2505 fuit
893 2439 1069 2506 illius
1088 2441 1172 2507 de
1192 2440 1607 2509 reformanda
1627 2442 1914 2511 Ecclesia
1935 2445 2168 2514 Confi-

94 2535 210 2614 hfi,
257 2535 446 2625 quod
498 2531 708 2602 Paulo
744 2533 899 2600 III.
961 2534 1364 2625 perhibitum
1399 2535 1591 2629 supr&
1630 2540 2163 2608 memoravimus.

98 2630 289 2696 Tum
311 2629 624 2720 equidem
642 2625 849 2695 libero
868 2652 979 2696 ore
1014 2628 1446 2719 profitebatur
1480 2645 1649 2724 Papas
1681 2635 1755 2700 ad
1762 2635 1876 2724 fica
1908 2634 2167 2717 defideria

97 2748 420 2797 coacervare
431 2721 547 2810 sibi
564 2723 894 2813 Magistros
909 2722 1131 2791 auribus
1150 2730 1464 2816 prurientes
1482 2776 1495 2800 ,
1529 2746 1635 2817 per
1672 2729 2077 2807 Cardinales&
2095 2740 2168 2796 Ε-

0 2856 3 2896 3
82 2822 312 2908 piscopos
349 2814 553 2906 Christi
582 2841 782 2882 nomen
814 2823 960 2886 inter
981 2837 1171 2908 gentes
1205 2817 1593 2914 blasphemari,
1639 2825 1886 2889 clavium
1906 2825 2168 2916 potestate

0 2911 3 2919 ’
99 2916 322 3001 emumgi
359 2916 618 3002 pecunias
637 2957 656 2987 ‚
700 2910 966 3003 improbos
1012 2914 1260 2983 ordinari
1297 2963 1312 2987 ‚
1360 2920 1694 2982 Simoniacas
1745 2919 2168 2986 nundinationes

1 2995 5 3055 ¹
99 3010 366 3076 exerceri,
411 3003 710 3071 ambitione
744 3006 818 3082 όν
848 3013 1098 3078 avaritia
1132 3008 1347 3097 aestuare
1381 3012 1630 3076 Praelatos
1647 3056 1667 3088 ‚
1713 3018 1776 3079 in
1812 3015 2170 3106 Monasteriis

1 3063 6 3177 ἔ
102 3088 379 3165 horren'da
393 3100 619 3190 flagitia
636 3106 906 3166 committi
950 3109 1015 3169 ὅτ
1034 3101 1081 3167 fi
1100 3104 1269 3192 quid
1286 3102 1485 3170 aliud.
1543 3106 1597 3171 A
1610 3128 1651 3170 n
1668 3110 1829 3192 vero
1856 3108 2174 3175 Pontifici

2 3185 7 3325 ἰ
103 3211 323 3260 creato
343 3192 669 3261 Romanae
691 3194 913 3261 Curiae
934 3203 999 3263 ὃς
1020 3195 1321 3264 Ecclefiae
1341 3198 1657 3267 universae
1672 3202 2049 3269 emendatio
2069 3225 2185 3268 cu-

103 3311 186 3354 rae
222 3287 386 3355 serio
424 3284 596 3357 fuit?
645 3288 816 3359 Non
851 3287 1517 3455 liquebatHecstuidem.
1566 3293 1703 3385 Etfi
1738 3300 2179 3378 enimocuram

2043 3410 2180 3479 ejus
