2678 3646
517 171 649 262 528
916 148 1526 223 ECCLESIAE
1574 143 2137 224 ROMANAE

501 299 676 350 ,neam
708 290 981 363 tantopere
998 267 1276 358 vastatam
1309 263 1420 357 effi.
1469 265 1793 357 Utigitur
1811 263 2324 354 splendidissime
2343 267 2576 335 eade-m

518 368 961 457 locupletetur
977 409 998 440 ,
1044 371 1107 430 &
1131 359 1191 426 S.
1214 360 1444 438 Petrus
1464 358 1823 449 Apostolus
1840 361 2061 426 auri&
2080 364 2332 449 argenti
2350 366 2541 451 inops
2563 412 2582 442 ‚

516 467 596 539 ,in
631 458 922 544 Craesum
945 454 1378 545 Crassumque
1413 455 1795 543 quempiam
1830 471 2281 530 convertatur,
2330 455 2584 521 nullum

527 579 667 625 ,non
686 553 974 643 lapidem
995 596 1015 628 ,
1034 555 1185 615 artis
1204 545 1758 639 chryso-poetices
1779 547 1958 612 haud
1974 547 2279 614 indoctus
2295 595 2316 626 ,
2336 550 2546 613 movit
2565 592 2587 625 ,

532 650 913 735 movetque.
962 644 1249 710 Altieriis
1274 641 1495 711 Roma
1529 640 1886 707 discessuris
1905 688 1926 720 ,
1973 660 2047 712 ut
2078 641 2475 708 subsisterent
2495 639 2593 706 ul-

534 743 731 811 terius
755 787 776 818 ,
823 738 1200 814 mandavit,
1247 759 1327 801 ne
1345 734 1500 800 alibi
1534 735 1834 807 locorum
1856 753 2020 801 artes
2056 736 2395 825 expilandi
2411 755 2591 801 ante·
2624 817 2628 820 ι
2661 760 2667 765 ·

533 836 654 904 hac
677 836 916 901 Romae
935 832 1015 896 ab
1033 831 1161 896 illis
1180 830 1467 896 exerceri
1484 827 1701 896 solitas
1721 876 1742 907 ,
1760 829 2026 896 liberius
2046 848 2433 897 exercerent.
2456 834 2593 896 Re-

539 931 708 1022 ginae
747 926 1093 995 Christinae
1129 925 1376 993 reditus
1395 946 1645 992 annuos
1665 924 2021 995 duodecies
2056 925 2238 991 mille
2256 942 2600 991 coronato-

540 1048 687 1098 rum
708 1022 999 1089 decrevit
1018 1066 1039 1098 ,
1085 1043 1159 1085 ea
1178 1038 1396 1087 tamen
1415 1017 1559 1109 lege
1576 1067 1591 1091 ,
1640 1036 1714 1084 ut
1736 1017 2195 1089 Cardinalibus
2214 1041 2323 1098 am
2373 1019 2604 1083 liorem
2656 1042 2665 1052 ¹

543 1116 815 1208 posthac
837 1116 1153 1182 honorem
1172 1112 1452 1182 haberet.
1497 1112 1599 1177 Ita
1616 1113 1773 1179 vero
1805 1115 2056 1180 minora
2075 1113 2322 1182 nonnul
2350 1136 2387 1178 a
2405 1109 2605 1178 refor-

544 1234 722 1284 mare
758 1212 1096 1299 occoepit,
1143 1224 1218 1274 ut
1251 1206 1575 1277 saniorum
1601 1207 1863 1295 judicio
1899 1254 1918 1286 ‚
1965 1213 2173 1299 magis
2228 1206 2605 1284 necessaria,

548 1323 836 1378 nontam
870 1303 980 1373 sua
999 1300 1171 1368 forte
1189 1347 1210 1378 ‚
1257 1303 1461 1389 quam
1479 1301 1758 1369 aliorum
1779 1347 1799 1379 2
1816 1302 2056 1391 quibus
2078 1300 2460 1368 reformatio
2480 1300 2605 1367 Ec-

550 1396 753 1471 clefiae
789 1397 978 1463 sudes
1012 1398 1080 1461 in
1115 1394 1322 1462 oculis
1358 1394 1480 1466 est,
1526 1396 1824 1461 ardorem
1860 1399 1996 1483 ejus
2030 1394 2610 1463 sufflaminantium

552 1492 749 1582 culpa
771 1537 792 1569 ,
838 1490 1164 1568 omiserit3
1212 1488 1525 1579 luporum
1544 1490 1843 1580 inprimis
1863 1492 2090 1556 dentes
2111 1538 2133 1569 ,
2166 1490 2404 1580 quibus
2424 1491 2614 1554 inno·

552 1589 753 1660 cuum
790 1607 1057 1675 gregem
1075 1583 1354 1648 lacerare
1369 1582 1614 1653 soleant
1633 1630 1654 1661 ,
1673 1581 1968 1674 frangere
1987 1592 2047 1652 &
2070 1605 2376 1650 excutere
2396 1582 2614 1674 negle-

552 1682 721 1752 xerit
739 1716 758 1758 3
808 1679 1176 1756 Recannati
1209 1678 1386 1748 inter.
1408 1677 1534 1742 alia
1564 1701 1695 1768 pro
1748 1677 2050 1768 suggestu
2106 1679 2569 1768 pronuntiante
2588 1720 2610 1755 ‚

553 1773 682 1857 adeb
717 1774 907 1858 tardas
920 1772 1019 1863 *effi
1042 1783 1157 1851 :ejus
1174 1778 1525 1863 ronceptzsmes
1542 1818 1563 1849 ,
1590 1791 1673 1857 ut
1701 1775 2055 1838 metuendum
2085 1774 2150 1849 lit
2165 1821 2182 1844 ‚
2228 1798 2298 1837 ne
2314 1769 2619 1861 abortusse-

557 1887 815 1962 quantur.
862 1869 1082 1955 Qlem
1101 1866 1257 1945 alias
1279 1868 1475 1949 etiam
1492 1866 1739 1954 Papam
1762 1890 1886 1955 pro
1905 1866 2208 1958 suggestu
2226 1866 2622 1946 eodemmo-

558 1981 862 2040 nentem,
911 1981 985 2028 ut
1019 1960 1442 2036 insceleratos
1462 1959 1739 2026 severius
1758 1961 2267 2032 animadvertat,
2316 1966 2379 2027 ὃς
2417 1959 2626 2026 Mini-

558 2055 717 2131 stros
739 2056 987 2147 deligat
1022 2080 1153 2122 non
1180 2056 1473 2144 juniores
1493 2101 1526 2140 ,ι
1558 2052 1671 2119 sed
1688 2053 2043 2121 adultiores
2062 2102 2082 2133 ,
2135 2055 2312 2120 idem
2335 2053 2514 2142 Papa
2531 2051 2623 2117 la-

563 2150 1095 2242 chrymabundus
1132 2148 1447 2216 audivisse
1483 2147 1706 2217 fertur.
1757 2147 2020 2215 Bullam
2057 2144 2624 2237 contraNepotis-

563 2267 748 2311 mum
769 2291 790 2322 ,
835 2268 1033 2333 quem
1052 2245 1209 2315 inde
1244 2245 1280 2311 a
1302 2242 1655 2315 Clemente
1676 2243 1755 2326 V
1778 2243 1809 2309 Ι
1830 2243 1862 2309 Ι
1884 2243 1932 2308 Ι.
1970 2243 2055 2308 ad
2090 2244 2197 2313 sua
2234 2242 2439 2331 usque
2457 2260 2621 2308 tem-
2642 2305 2644 2307 ,

565 2361 728 2428 pora
745 2337 1187 2428 septendecim
1203 2340 1347 2413 ¹auri
1361 2336 1769 2421 millionibus
1803 2338 2154 2404 Cameram
2174 2336 2627 2427 Apostolicam

516 2465 517 2469 ¹
567 2433 959 2512 emunxisset,
1003 2431 1363 2500 rationibus
1399 2433 1577 2518 initis
1597 2478 1618 2510 ,
1652 2424 2128 2520 ’[ιὼάιιᾶὶιΐεμὶε
2163 2431 2427 2499 calculis
2452 2481 2465 2502 ‚
2516 2429 2627 2494 de-

569 2525 953 2613 prehendit3
1001 2527 1608 2613 adornaricuravit.
1656 2550 1804 2616 quae
1825 2546 2042 2608 tamen
2061 2573 2083 2605 ,,
2131 2522 2627 2593 reclamantibus

575 2618 1033 2685 Cardinalibus
1073 2620 1368 2710 pluribus
1387 2667 1408 2699 ,
1455 2622 1531 2685 iis
1551 2622 1871 2692 maxime,
1892 2623 2010 2709 qui
2026 2620 2112 2686 ad
2132 2619 2372 2708 Papale
2388 2615 2626 2683 solium

572 2712 979 2802 quandoque
1011 2713 1072 2778 se
1092 2714 1648 2800 consurrecturos,
1670 2714 2106 2804 ,Γρεηιειώωο
2124 2731 2514 2802 conceptam
2535 2730 2629 2797 te-

574 2804 849 2884 nebant,
895 2808 1312 2899 promulgata
1332 2825 1462 2875 non
1497 2808 1587 2875 est
1605 2854 1626 2886 ‚
1672 2806 1903 2893 frustra
1936 2806 2303 2873 identidem
2338 2807 2637 2893 monito<

578 2896 686 2996 riis
721 2898 844 2963 fuis
863 2901 1240 2975 consensum
1259 2925 1487 2972 eorum
1522 2901 1888 2970 solicitante
1923 2900 2284 2970 Pontifice..
2311 2901 2388 2966 In
2411 2899 2632 2992 Janse-

580 3004 861 3068 nitarum
895 3014 1107 3080 partes
1127 2995 1547 3087 propensior,
1593 2997 1923 3073 ArnaldO,
1970 3018 2089 3061 nec
2124 3019 2256 3061 non
2293 2988 2631 3084 Episcopo

580 3078 1233 3171 Gratianopolitan0‚
1271 3091 1618 3181 Jansenitae
1654 3091 1958 3179 utrique,
2004 3088 2217 3155 literas
2254 3079 2627 3164 humaniffi-

578 3194 713 3260 mas
746 3173 1122 3263 perscripsiti
1167 3181 2029 3274 Bellarminumf-quoque-in
2047 3184 2623 3269 Divorumnulme-

576 3288 724 3350 rum
758 3265 1071 3352 relaturus
1107 3269 1316 3359 sueta}
1336 3322 1360 3355 a
1404 3276 2281 3370 nifipropofitofCardinales
2316 3300 2446 3366 non
2464 3297 2628 3367 pau-

628 3414 631 3417 ,
884 3391 893 3399 ⁴
2142 3387 2148 3395 ·
2565 3389 2627 3436 ci
