2678 3646
558 134 1172 215 P'ERIODU'S
1218 137 1766 216 SEPTIMA.
2040 140 2179 246 4ss17

105 265 271 333 tridts
295 263 670 332 ‘cadaveribus
700 265 904 357 infkt't'a
917 262 1173 353 flumina
1207 311 1229 344 ,
1253 267 1478 358 -zpſs'que
1509 294 1607 333 aer
1637 266 1712 344 ῤ’
1742 270 1843 334 Sol
1863 268 1943 336 ad
1967 277 2193 338 'tantam

101 366 518 427 immanitatem
550 358 835 427 inhorruit
849 411 868 443 ,
916 385 978 423 ac
993 364 1058 423 in
1091 356 1347 426 authores
1378 368 1527 428 iram
1545 366 1655 428 Dei
1684 364 1754 428 de
1772 367 1914 431 Coelo
1932 385 2188 457 pronun-
2291 435 2294 438 .

98 461 293 521 tiavit.
345 457 517 544 Qiae
553 456 711 522 vero
746 452 1104 546 plusquam
1141 454 1485 523 barbaricae
1523 465 1590 526 Sc
1613 457 2188 551 Cyclopicaecru-
2204 518 2256 563 E.

99 548 389 617 delitatis
425 549 729 616 adversus
751 549 1013 616 miseros
1033 552 1335 617 exercitae
1358 597 1380 629 ,
1395 553 1627 619 intima
1647 554 1833 621 causa
1852 553 1984 625 fuit
2005 567 2027 621 ?
2046 554 2184 624 Re·
2204 532 2331 646 ciffi
2343 534 2521 649 2:221·st-

100 642 334 717 bellio,
383 644 908 735 inquient-Caini
927 651 992 711 δε
1013 643 1415 711 Tubalcaini
1448 646 1566 713 illi.
1589 662 1591 664 ’
1616 649 1770 735 Qla
1788 672 1992 740 porro
2026 652 2096 718 in
2113 656 2296 719 rem·
2477 658 2480 661 ’
2512 640 2522 647 ”

93 737 365 805 rebellio
400 739 622 806 isthaec
656 738 773 807 fita
809 737 982 805 fuit?
1032 739 1186 804 Hac
1205 740 1482 814 scilicet,
1535 742 1575 831 ζ
1576 766 1791 832 neque
1809 742 2001 811 aliam
2022 745 2175 837 i-pfi-

99 832 684 902 met-crudelitatis
720 833 1060 900 architecti
1094 834 1391 924 proferre
1425 836 1749 927 poss‘unt)
1787 839 1979 926 quod
2014 844 2180 909 anti-

97 949 262 1015 quas
298 928 478 994 sedes
497 975 518 1006 ,
565 952 727 1018 quas
754 931 893 1018 jam
914 927 1082 994 ultra
1107 929 1301 995 'mille
1336 938 1401 997 &
1440 947 1708 996 centum
1729 934 2179 1001 annoscolue-

101 1040 246 1095 tant
265 1069 284 1100 ,
332 1022 419 1088 ob
445 1021 788 1113 religi-onis
812 1022 1201 1089 Christianae
1221 1047 1304 1089 ex
1340 1023 1542 1090 verbo
1575 1025 1706 1091 Dei
1740 1025 1986 1115 scripto
2007 1028 2181 1096 vhau-

98 1115 206 1182 stae
242 1117 547 1189 adversus
568 1117 951 1184 Pontificias
971 1117 1381 1207 corruptelas·
1394 1117 1862 1208 professionem
1882 1119 2180 1204 liberam,

97 1212 136 1278 a
174 1211 530 1291 Gastaldo‚
577 1211 684 1278 Vel
722 1215 914 1279 Duce
948 1211 1093 1302 ipso
1130 1214 1167 1279 a
1204 1212 1520 1278 Romano
1556 1213 1886 1281 Pontifice
1906 1216 2174 1307 eja-sque

92 1305 478 1372 satellitibus
498 1306 768 1373 seducto
791 1353 813 1386 ,
856 1305 1144 1372 deserere
1170 1307 1313 1395 juffi
1336 1352 1356 1383 ,
1404 1330 1537 1372 non
1558 1309 1875 1398 prompte
1895 1308 2041 1378 satis
2064 1312 2173 1395 de-

84 1400 438 1468 seruerunt.
518 1401 695 1469 ,Haec
731 1399 998 1469 rebellio
1032 1399 1142 1466 illa
1179 1448 1199 1479 ,
1247 1401 1388 1467 haec
1424 1402 1664 1467 irarum
1700 1402 1949 1470 sontica.
1985 1406 2173 1473 causa

0 1505 11 1535 '
87 1493 238 1563 fuit.
260 1497 461 1565 Neve
478 1496 674 1562 aliam
694 1498 899 1586 quam
921 1493 1255 1587 religioni-s
1277 1494 1532 1561 causam
1551 1496 1763 1562 astam
1783 1516 1978 1587 putet
1996 1501 2171 1589 quis-

87 1613 328 1681 quam,
375 1593 548 1683 rapti
572 1590 731 1658 sunt
750 1591 836 1657 ad
854 1590 1180 1681 supplicia
1198 1615 1331 1657 non
1351 1589 1492 1668 alii,
1514 1593 1717 1679 quam
1738 1594 2172 1680 quiconstan-

87 1704 187 1753 ter
204 1687 272 1752 in
309 1687 629 1778 religione
664 1687 841 1753 avita
860 1685 1299 1776 perstiterunt.
1351 1685 1627 1751 Caeteris
1663 1686 1822 1750 vero
1842 1733 1863 1763 ,
1911 1689 2030 1775 qui
2065 1689 2166 1756 in-

86 1779 400 1866 firmitate
435 1784 641 1848 carnis
662 1779 907 1846 subacti
945 1778 1299 1846 Pontificia
1333 1777 1623 1868 amplexi
1640 1780 1814 1847 sacra
1831 1778 1979 1848 sunt
1996 1828 2018 1861 ,
2039 1782 2164 1849 im-

86 1876 293 1940 manis
328 1874 440 1939 illa
457 1874 811 1941 crudelitas
847 1873 1166 1963 pepercit.
2330 1938 2332 1942 ,

173 1969 241 2035 C
267 1969 330 2035 C
358 1969 411 2034 L
435 1967 505 2033 X
528 1969 595 2036 V
617 1969 666 2034 Ι.
720 1968 972 2056 Neque
990 1985 1209 2034 tamen
1229 1964 1437 2034 inulta
1458 1967 1653 2058 plane
1673 1965 2045 2037 manserunt
2064 1968 2161 2036 in·
2178 1972 2384 2023 wndicffa
2407 1974 2461 2046 df

86 2060 436 2129 fernalium
460 2062 808 2129 Furiarum
828 2061 1048 2128 isthaec
1068 2059 1318 2128 scelera.
1368 2062 1755 2129 Waldenses
1776 2065 1950 2131 enim
1967 2113 1984 2137 ,
2005 2066 2159 2130 cilm
2178 2041 2463 2168 {fffiffinssjn

90 2156 152 2222 se
187 2181 415 2225 omnes
434 2157 866 2225 internecioni
886 2156 1238 2223 destinatos
1259 2203 1278 2234 ,
1298 2155 1469 2224 bona
1489 2204 1508 2236 ,
1553 2160 1761 2225 vitam
1781 2205 1802 2236 ,
1821 2159 2029 2250 ipsam
2048 2157 2162 2226 de·
2175 2169 2298 2240 '1³chst
2303 2183 2371 2216 me
2411 2178 2508 2217 Nu-

89 2253 292 2341 nique
328 2253 694 2320 animarum
729 2251 1000 2318 salutem
1039 2270 1337 2317 extremo
1372 2252 1581 2320 exitio
1613 2253 2165 2320 devotamcerne-
2188 2234 2504 2301 mmesumpta.

63 2364 231 2413 ‚rent
254 2397 267 2419 ‚
317 2371 399 2412 ne
417 2370 738 2436 pecorum
756 2346 950 2413 instar
980 2344 1176 2412 inulti
1197 2345 1483 2435 perirent
1504 2346 1875 2436 promiscue
1896 2369 2164 2427 omnes,

88 2438 243 2508 freti
270 2443 418 2529 jure
437 2460 682 2508 naturae
722 2440 922 2530 ipfius
946 2487 967 2518 ‚
1013 2463 1152 2529 quo
1187 2438 1482 2506 defensio
1518 2441 1822 2508 adversus
1842 2441 2126 2509 latrones
2146 2489 2169 2521 ,

89 2534 386 2626 aliosque
424 2560 555 2602 non
577 2535 844 2603 salutem
874 2583 894 2614 ,
941 2535 1041 2601 uti
1061 2533 1374 2613 decebat,
1420 2534 1532 2601 sed
1551 2538 1911 2626 perniciem
1931 2538 2171 2604 dunta-

92 2649 206 2698 xat
242 2631 555 2721 spirantes
579 2678 598 2708 ,
644 2633 710 2696 in
732 2648 1039 2696 extremae
1077 2628 1556 2697 &inevitabilis
1593 2629 1979 2698 necessitatis
2016 2629 2169 2699 casu

78 2724 361 2794 innoxia
397 2724 691 2792 censetur
726 2724 1004 2801 merit63
1051 2721 1288 2789 liberos
1309 2770 1330 2802 ,
1377 2747 1614 2791 uxores
1649 2770 1669 2804 ‚
1720 2725 1917 2815 seque
1951 2724 2129 2815 ipsos
2149 2772 2171 2804 ‚

88 2838 416 2909 quantum
453 2818 847 2885 conscientia
884 2817 1315 2909 gentitimque
1324 2821 1472 2908 jura
1490 2817 1765 2885 sinerent
1785 2866 1805 2897 ,
1850 2817 2159 2886 adversus

92 2913 648 3004 praesentissimum
684 2914 964 2980 exitium
1000 2915 1317 3003 correptis
1350 2914 1543 2980 armis
1581 2915 1788 2992 tueri,
1834 2916 2057 2980 animo
2092 2915 2164 2980 in

94 3026 377 3073 mortem
397 3005 600 3096 usque
635 3007 1027 3085 obfirmato,
1062 3007 1439 3093 statuerunt.
1486 3007 1949 3098 Cfimque‘fine
1968 3011 2164 3076 Duce

50 3163 53 3166 ,
93 3100 185 3167 nil
205 3100 388 3190 plebs
407 3102 646 3181 audeat
664 3149 684 3180 ,
732 3102 935 3169 lectus
958 3103 1117 3169 Dux
1128 3101 1332 3193 Josua
1365 3102 1686 3168 Gianavel
1706 3150 1726 3181 ,
1776 3102 1998 3193 priscis
2021 3103 2162 3169 He-

95 3194 315 3261 roibus
352 3204 418 3264 ὃς
450 3195 692 3287 pop-uli
727 3198 960 3264 Divini
985 3195 1322 3282 judicibus
1359 3197 1872 3288 comparandus,
1920 3198 2160 3286 exigua

95 3312 294 3358 manu
330 3310 557 3360 contra
592 3292 873 3384 integras
892 3292 1060 3360 acies
1081 3293 1117 3358 a
1138 3292 1530 3362 Marchione
1552 3293 1912 3362 Pianezzio
1930 3290 2160 3358 dusta-

1053 3385 1251 3479 Ggg
2028 3402 2167 3461 ως,
