2508 3698
596 155 777 225 AD
871 151 1775 226 LECTOREM.

145 284 370 399 quam
389 285 469 366 iis
508 279 949 362 contortulae
981 284 1358 388 captiones
1397 279 1936 389 &sophismata
1970 274 2235 359 defue-J·

144 408 339 497 rint,
392 427 554 511 quae
590 423 988 506 reponant:
1052 401 1148 477 ita
1190 419 1314 495 ut,
1351 398 1570 476 etiam
1609 397 1779 476 cum
1802 398 1882 476 iis
1905 395 2227 475 maxime

145 516 440 615 satisfit,
480 542 852 622 nunquam
878 540 1117 595 tamen
1140 511 1477 593 satisfiat:
1540 512 1861 623 &quam
1901 518 2234 606 δὶισθὴρριῶι

145 645 287 740 ζῶον
320 629 654 740 Sophista
690 626 820 727 fit,
864 633 938 710 in
990 629 1096 708 his
1136 629 1453 709 maxime
1492 652 1854 736 appareat.
1927 635 2230 713 Norunt

142 755 428 861 quippe
457 743 889 827 callidiffimi
915 750 1243 826 omnium
1265 804 1287 842 ,
1346 746 1740 827 secundum
1760 744 2228 830 decantatum

139 865 587 947 celeberrimi
611 861 1016 943 Cardinalis
1039 859 1536 974 apophtegma
1555 923 1584 960 ,
1641 865 1749 939 M
1740 863 1985 941 endacii
2001 868 2133 943 vim
2164 867 2229 943 in

128 980 559 1091 pertendendo
577 976 911 1087 consistere.
939 978 1173 1075 Quod
1191 1006 1416 1088 genus
1436 976 1822 1056 hominum
1846 978 2228 1087 perfri6to«

140 1130 302 1180 rum
343 1089 1035 1205 praefrafiort'lmque
1056 1093 1231 1174 scite
1251 1091 1489 1204 Julius
1511 1092 1750 1173 Caesar
1769 1093 2083 1207 Scaliger
2105 1100 2227 1176 tri-

137 1211 451 1296 remibus
486 1218 883 1308 ἑπρκρέτμοι-ς,
917 1239 1154 1289 remos
1194 1208 1284 1287 ab
1323 1238 1477 1288 uno
1517 1208 1804 1289 tantum
1840 1208 2063 1291 latere
2101 1210 2224 1291 ha-

136 1325 476 1410 bentibus
516 1353 939 1436 comparat,
973 1348 1240 1435 utpote
1258 1353 1420 1435 quae
1456 1325 1828 1433 semperin
1871 1325 2222 1435 seipsasin

137 1473 399 1559 gyrum
420 1464 812 1525 recurrunt.
880 1448 978 1525 Et
997 1442 1130 1521 hac
1153 1441 1454 1554 quidem
1475 1438 1828 1550 versipelli
1860 1440 2220 1552 sophisti-

129 1591 214 1643 ca
232 1559 387 1640 duo
407 1557 534 1658 illi,
548 1559 937 1642 Pontificio
954 1562 1222 1672 Regno
1241 1558 1516 1666 aprime
1536 1558 1742 1638 utilia
1757 1558 2215 1670 consequun-

135 1700 301 1776 tur,
337 1674 456 1756 vel
489 1678 685 1756 certe
726 1676 1072 1785 speffiant.
1141 1673 1378 1753 Primo
1417 1678 1612 1755 enim
1630 1673 1965 1755 homines
2002 1673 2166 1756 suos
2189 1737 2216 1774 ,

136 1796 281 1875 istis
318 1821 469 1874 non
492 1792 924 1873 vanitatibus
940 1855 961 1892 ,
982 1789 1102 1870 sed
1121 1788 1458 1872 fatalibus
1479 1788 1894 1898 stuporibus
1917 1791 2216 1902 oppres-

138 1910 250 1990 sos
288 1911 362 1986 in
387 1914 591 2013 Papae
615 1907 972 2016 obsequio
1013 1910 1362 1987 retinent:
1405 1906 1760 2019 tantoque
1798 1906 1874 1987 id
1896 1905 2215 2006 facilius,

142 2020 299 2134 quo
338 2025 563 2131 magis
597 2020 1036 2101 adversarios
1072 2020 1236 2099 suos
1265 2022 1685 2131 gravissimis
1721 2019 2111 2102 mendaciis
2150 2049 2223 2102 a-

140 2136 297 2248 pud
319 2165 443 2215 eos
466 2134 817 2217 infamant
836 2199 857 2237 ‚
896 2133 1132 2247 probe
1151 2138 1371 2216 etiarn
1392 2134 1776 2249 probeque
1794 2156 1877 2216 ut
1909 2135 2224 2217 haereant

138 2251 765 2349 calumniae,caven
775 2276 905 2349 tes,
928 2282 1020 2332 ne
1038 2249 1451 2332 nostrorum
1468 2251 1730 2361 scripta
1752 2311 1774 2351 ,
1795 2249 2075 2361 soporis
2098 2281 2219 2332 ve-

142 2390 429 2450 ternum
453 2367 822 2450 excussura
843 2432 864 2469 ,
900 2374 971 2449 in
994 2367 1318 2475 ipsorum
1350 2395 1600 2448 manus
1638 2369 1971 2462 veniant3
2013 2371 2218 2479 gnari

140 2487 401 2593 utiquc
439 2480 764 2593 certique
785 2548 806 2585 ‚
829 2485 903 2566 id
925 2481 1489 2595 ficontingeret‚
1527 2480 1729 2582 fore,
1769 2504 1854 2563 ut
1874 2512 2025 2564 non
2055 2506 2217 2564 tan-

143 2601 306 2681 tum
342 2621 597 2678 curato
629 2599 1148 2708 superstitionis
1186 2597 1452 2679 morbo
1484 2599 1572 2678 ad
1612 2601 1683 2680 se
1719 2596 2011 2706 decepti
2031 2597 2214 2680 redi·-

125 2772 132 2775 -»
143 2740 332 2812 rent,
354 2715 432 2794 &
454 2712 594 2792 sese
613 2715 969 2823 pudendis
991 2712 1383 2814 fraudibus,
1404 2713 1666 2824 quibus
1688 2717 1940 2795 irretiti
1969 2736 2217 2795 tenen-

147 2851 266 2910 tur
285 2891 307 2929 ,
336 2826 640 2909 feliciter
662 2831 1118 2923 exsolverent
1140 2861 1155 2905 ε
1178 2827 1298 2910 sed
1317 2859 1571 2911 eorum
1593 2834 1811 2911 etiam
1832 2890 1853 2929 ,
1878 2833 2006 2941 qui
2028 2830 2215 2910 frau-

144 2942 316 3024 dem
335 2946 435 3023 ita
471 2941 748 3026 faciunt
767 3009 792 3044 ‚
818 2947 1309 3028 aeruscationes
1331 2973 1581 3026 omnes
1604 2950 2166 3027 intervertantur
2191 2983 2211 3044 3

144 3059 484 3168 adeoque
514 3077 852 3164 ἐρρινομῆκης
883 3062 1003 3143 illa
1027 3070 1187 3142 Arx
1211 3060 1652 3172 Babylonica
1672 3124 1695 3165 ,
1728 3060 1877 3170 jam
1913 3085 2082 3143 ante
2120 3060 2212 3141 ad

144 3172 420 3286 lapsum
456 3209 684 3283 prona
712 3246 732 3282 ,
768 3183 1058 3290 penitus

337 3292 624 3408 Subruta
633 3295 939 3408 ficccenfis
959 3325 1113 3377 mox
1127 3316 1376 3375 corruat
1395 3298 1520 3377 ima
1539 3296 1768 3406 tgjgillis.

379 3406 394 3411 ⁴
1255 3409 1295 3455 '¹‘
1324 3409 1368 3454 *
1767 3405 1799 3433 ⁸
2004 3408 2214 3491 Tum
