2678 3646
508 127 1123 201 PERIODUS
1173 121 1682 222 QU1NTA.
2007 132 2146 230 ·177

54 248 110 318 F
115 246 397 317 riderico
433 248 779 317 Austriaco
801 298 822 329 ‚
869 268 947 319 ut
981 249 1044 317 se
1080 273 1162 317 ex
1201 250 1520 319 Concilio
1555 249 1917 320 subducere
1952 253 2134 321 velit.

55 343 268 435 Qiod
303 348 458 412 cum
494 342 745 413 fecisset
763 344 873 412 ille
892 393 913 425 ,
960 346 1144 435 Papa
1162 345 1453 414 abdueco
1475 395 1488 418 ‚
1543 346 1887 427 Helvetii,
1930 348 2136 440 inpri-

50 443 176 506 mis
198 438 517 532 Tigurini
536 488 557 519 ,
602 438 785 507 suasu
808 440 1105 509 Concilii
1123 491 1138 515 ‚
1187 442 1442 533 Papam
1461 451 1526 511 &
1549 442 1965 518 Fridericum
1984 467 2132 535 per-

49 533 415 624 sequuntur
434 543 500 605 ὃς
519 537 761 627 opimis
797 535 885 602 ob
903 536 977 603 id
997 535 1214 603 feudis
1233 537 1313 602 ab
1335 537 1743 628 Imperatore
1781 538 2132 607 donantur.

51 630 407 698 Reti·a&us
430 654 512 697 ex
531 629 691 722 fuga
711 630 892 722 Papa
912 679 933 710 ‚
979 640 1045 701 &
1067 633 1444 699 Manhemii
1475 635 1543 699 in
1583 657 1907 700 carcerem
1945 658 2130 701 com-

47 725 278 814 pactus
297 772 318 803 ,
367 725 629 794 coaetus
650 725 740 792 est
757 774 778 805 ,
829 726 1147 794 Concilio
1167 727 1457 794 distante
1478 777 1498 807 ,
1546 728 1804 820 Papatu
1842 729 1903 795 se
1938 728 2122 796 abdi-

42 841 188 885 care
222 866 243 899 ‚
291 844 414 887 ceu
463 818 742 887 hareticus
776 870 797 901 ‚
847 842 1049 915 negata
1099 829 1420 889 animarum
1470 826 1910 891 immortalitatis
1942 850 2067 891 reas
2102 872 2125 902 ,

40 911 235 981 atheus
252 962 273 994 ,
309 923 644 983 Simoniacus
658 967 673 989 ,
709 919 955 983 mendax
970 915 1242 1010 hypocrita
1260 965 1281 996 ,
1316 916 1591 985 homicida
1610 966 1631 997 ,
1650 922 1922 1014 veneficus
1938 967 1959 998 ,
1977 924 2125 985 alea-

42 1028 132 1074 tor
150 1057 170 1087 ,
204 1012 423 1077 adulter
440 1059 461 1090 ,
497 1014 776 1078 Sodomita
792 1059 815 1092 ,
851 1018 1170 1078 incarnatas
1207 1011 1497 1103 denique
1515 1014 1777 1080 Diabolus
1799 1063 1818 1093 ,
1866 1038 2015 1104 qua:
2054 1024 2120 1083 ὃς

41 1102 275 1170 fimilia
284 1105 611 1197 Johannis
630 1105 865 1173 scelera
885 1129 967 1173 ex
991 1106 1546 1175 Cosmodromico
1562 1108 1879 1175 Gobelini
1900 1110 2124 1176 Perso-

42 1223 142 1264 nae
163 1223 373 1290 nuper
389 1201 590 1266 etiam
611 1199 952 1267 Odoricus
976 1199 1345 1268 Rainaldus
1384 1202 1452 1268 in
1478 1201 1837 1270 Annalium
1858 1204 2129 1271 Baronii

41 1294 564 1373 continuatione,
582 1293 855 1386 aliisque
873 1297 1157 1387 repetiit.
1207 1296 1383 1363 Mox
1407 1295 1662 1389 Synodi
1682 1297 1989 1365 Praesides
2012 1300 2125 1366 de-

38 1406 294 1456 cretum
314 1389 522 1456 edunt
543 1437 562 1469 ,
610 1413 749 1480 quo
785 1390 1118 1458 declarant
1138 1438 1158 1470 ‚
1210 1394 1510 1458 Concilium
1552 1395 1814 1459 Generale
1847 1395 2122 1485 Legitim}

38 1504 427 1576 congregatum
460 1483 662 1551 habere
727 1487 1004 1576 otostatem
1037 1486 1354 1553 immediato
1385 1484 1419 1551 d
1458 1486 1669 1579 Christo
1689 1535 1710 1567 ,
1755 1508 1919 1581 atque
1946 1490 2126 1556 eidem

38 1591 245 1670 Papam
255 1577 566 1668 stillatam
601 1587 659 1672 ⁶ss
667 1608 712 1647 e.
763 1580 1158 1672 Supererant
1193 1581 1332 1648 duo
1369 1583 1567 1674 Papae
1587 1630 1609 1662 ,
1655 1583 2020 1676 Gregorius
2057 1593 2124 1653 ὃς

41 1671 439 1741 Benedictus
460 1723 481 1753 ,
528 1679 647 1766 qui
683 1683 749 1745 ὃς
784 1675 907 1767 ipsi
943 1677 1161 1749 citati,
1212 1680 1366 1743 cum
1396 1701 1777 1768 comparere
1812 1680 2128 1746 detrecta-

43 1787 188 1835 rent
210 1816 229 1848 ,
267 1769 622 1837 Pontificia
647 1772 973 1861 dignitate
995 1773 1178 1837 exuti
1196 1771 1360 1838 sunt.
1413 1772 1514 1840 Ita
1533 1773 1898 1867 Gregorius
1918 1776 2124 1841 animi

43 1887 331 1929 moerore
350 1862 692 1930 confestim
714 1887 874 1931 mox
894 1864 1096 1930 obiit:
1147 1865 1545 1933 Benedictus
1582 1871 1735 1934 cum
1773 1867 1835 1934 se
1857 1869 2123 1958 praefra-

40 1957 205 2023 &tius
227 1976 478 2049 gereret
497 2005 518 2036 ,
539 1960 737 2025 etiam
758 1957 1061 2023 Ecclefiae
1078 1962 1549 2029 communione
1568 1981 1788 2028 motus
1810 1963 1916 2029 est.
1956 1964 2123 2030 Inde

39 2070 437 2142 perventum
473 2053 539 2120 in
580 2052 897 2119 Concilio
916 2052 1003 2118 ad
1020 2055 1368 2144 negotium
1391 2052 1920 2124 Reformationis
1939 2105 1959 2136 ,
2008 2080 2121 2124 cu-

26 2152 136 2236 jus
174 2149 393 2238 capita
444 2148 481 2213 a
535 2147 605 2214 P.
645 2147 729 2213 de
764 2147 1001 2214 Aliaco
1037 2147 1287 2239 digesta
1323 2148 1783 2241 Sigismundus
1825 2154 2120 2244 proponi

40 2242 312 2309 mandat
332 2290 352 2321 ,
376 2240 730 2333 sigillatim
752 2241 836 2308 de
857 2240 1057 2307 causis
1076 2288 1097 2320 ,
1144 2261 1420 2334 propter
1438 2267 1599 2334 quas
1630 2244 1940 2313 Pontifex
1976 2271 2120 2315 cor-

40 2338 170 2426 ripi
191 2344 257 2404 ὃς
277 2337 527 2426 deponi
546 2335 745 2428 possit
764 2374 782 2416 3
831 2360 992 2426 quas
1012 2356 1162 2404 ante
1182 2340 1340 2407 novi
1360 2337 1707 2407 Pontificis
1727 2340 2120 2409 ele&ionem

41 2429 305 2498 definiri
340 2432 528 2521 petit.
583 2427 992 2522 Urg'entibus
1014 2432 1405 2512 nonnullis,
1454 2437 1489 2501 a
1513 2436 1852 2504 Minoritis
1876 2435 2122 2507 Refor-

42 2526 353 2594 mationis
389 2527 654 2592 initium
691 2525 1124 2605 sumendum,
1172 2527 1632 2618 Sigismundus
1670 2530 1851 2598 idem
1873 2534 2120 2610 merito

43 2620 416 2710 respondit:
468 2620 591 2686 Imo
628 2618 766 2697 vero
798 2617 833 2685 a
867 2627 1168 2712 Mcq'oritis.
1214 2623 1529 2707 Perculsis
1566 2649 1638 2693 ea
1657 2649 1824 2692 voce
1844 2629 2120 2717 Majori-

40 2713 124 2778 tis
146 2760 166 2790 ,
213 2738 294 2780 ne
312 2760 347 2791 ,-
380 2714 708 2782 Pontifice
727 2714 911 2783 nullo
929 2717 1298 2808 Imperator
1316 2718 1387 2785 id
1406 2718 1866 2810 exsequeretur
1883 2771 1904 2801 ,
1938 2725 2119 2791 anui-

41 2806 332 2874 tentibus
368 2808 638 2888 iisdem,
685 2810 795 2876 die
830 2812 1107 2880 Martini
1142 2814 1220 2880 A.
1255 2841 1296 2877 M
1317 2836 1351 2879 c
1372 2837 1407 2878 c
1430 2838 1464 2880 c
1486 2837 1521 2880 c
1542 2838 1584 2881 x
1604 2839 1647 2881 v
1680 2839 1705 2883 1
1740 2840 1793 2883 1.
1843 2817 2114 2910 eligitur
2129 2838 2236 2882 tneo
2261 2836 2445 2901 depastas

46 2904 392 2969 nationum
428 2905 729 2972 omnium
767 2911 832 2973 ὃς
870 2907 1329 2976 Cardinalium
1382 2907 1696 2978 consensu
1733 2911 1930 2981 Otho
1970 2903 2264 2983 (ἴω-’ΝΜ
2284 2912 2418 2950 ‘'⁷¹³¹'‘

41 2997 268 3064 lumna
290 2998 637 3066 Romanus
657 3047 679 3079 ,
728 3000 1097 3069 Cardinalis
1118 3004 1280 3071 Divi
1301 3003 1643 3097 Gregorii,
1692 3010 1809 3097 qui
1830 3007 2020 3098 quod
2039 2970 2414 3085 iniiisslitissfguffs

41 3091 209 3158 festo
230 3092 509 3160 Martini
528 3093 708 3186 Papa
726 3113 975 3163 creatus
995 3096 1148 3164 effet
1163 3145 1182 3175 ‚
1231 3100 1563 3167 Martinus
1590 3101 1671 3169 V.
1718 3103 1852 3170 dici
1874 3103 2106 3171 voluit.
2122 3101 2412 3170 ⁶1<‘¹''‘’s'‘⁷r²”⁶·

45 3189 261 3276 Cujus
317 3186 506 3254 electi
557 3189 761 3280 pedes
812 3214 1048 3285 magna
1082 3190 1323 3261 loetitia
1360 3197 1612 3286 primus
1652 3171 2439 3296 SigismundiisJJ2⁷³2⁷ssgfs⁶i³'

44 3281 369 3351 osculatus
405 3282 512 3351 est.
561 3284 859 3354 Primum
878 3306 1078 3378 atque
1096 3289 1148 3355 is
1171 3288 1559 3360 consecutus
1579 3290 1670 3360 est
1714 3288 2069 3385 imperium
2092 3340 2111 3373 ‚
2128 3298 2279 3342 mundo
2303 3313 2443 3345 tema-

1109 3381 1171 3454 Z
1938 3387 2118 3455 nun&
2131 3374 2224 3409 tam
2250 3365 2397 3413 elata,
