2678 3646
562 160 687 206 122
960 119 1578 197 EchEslAE
1630 119 2189 210 ROMANAE

553 247 801 316 salvum
838 240 1242 309 condue‘tum
1278 235 1578 329 promisit
1596 284 1618 315 ,
1663 236 1710 302 fi
1748 238 2023 309 terrestri
2041 286 2062 319 ,
2108 265 2240 309 non
2275 246 2608 317 maritimo

555 344 785 410 itinere
805 339 884 403 eo
905 334 1260 406 tenderent.
1349 329 1482 397 Sed
1500 330 1817 421 Episcopi
1836 330 1905 401 hi
1941 336 2473 422 parant·Claflem
2494 344 2614 425 'vi-7

557 438 726 528 ginti
741 433 847 499 sex
865 429 1132 495 navium
1153 473 1168 499 ‚
1216 425 1455 513 quibus
1476 425 1897 515 Imperatoris
1935 425 2109 493 filius
2132 429 2480 499 Conradus
2514 437 2607 500 Vi-

556 530 724 621 ginti
743 534 806 593 &
827 524 1016 589 unius
1054 520 1321 586 navium
1339 539 1659 609 apparatu
1679 510 2023 585 instmstm
2041 521 2132 587 ita
2165 529 2448 592 occurrit
2466 573 2487 603 ,
2533 546 2608 594 ut

561 622 768 711 captis
787 616 1024 706 viginti
1046 613 1315 681 navibus
1336 660 1357 690 ,
1404 622 1469 680 ὅε
1506 612 1711 679 tribus
1731 612 2065 680 submersis
2086 615 2393 684 Praelatos
2416 619 2604 685 hosce

553 716 826 789 vicerit,
872 719 936 779 ὅτ
958 706 1302 776 Pontificis
1322 705 1520 796 ipsius
1555 706 1743 773 urbes
1780 708 2096 776 invaserit.
2148 731 2155 735 ·
2188 712 2395 779 Unde
2431 713 2607 803 Papa
2659 730 2662 731 ’

559 796 842 873 moerore
860 803 1061 869 animi
1095 798 1432 867 confestus
1452 847 1473 877 ,
1520 803 1673 866 cum
1706 800 1970 867 adversa
2005 805 2227 868 omnia
2260 807 2322 870 ei
2354 809 2606 873 accide-

465 947 468 949 ψ
560 918 743 978 rent,
788 920 946 964 mox
985 891 1287 963 die'xxi.
1322 897 1498 985 Aug.
1519 896 1601 961 A.
1621 917 1935 961 MCCXLIV.
1955 900 2265 987 oppetiit.
2358 901 2440 965 Ei
2480 902 2609 967 Ce-

547 994 822 1061 'lestinus
843 992 966 1062 IV.
988 999 1050 1060 δε
1073 989 1229 1055 huic
1248 988 1394 1080 post
1413 989 1884 1078 septemdecim
1904 989 2041 1055 dies
2062 1011 2329 1058 mortuo
2346 1040 2368 1071 ,
2416 1002 2480 1062 &
2499 1017 2607 1060 an-

563 1091 639 1156 ni·
650 1089 840 1154 unius
861 1094 925 1155 ὃς
945 1085 1098 1151 οᾶῒο
1117 1082 1436 1149 menfium
1454 1082 2014 1150 inter-Pontificio
2036 1084 2228 1152 finito
2251 1138 2267 1162 ,
2290 1087 2606 1155 Innocen-

563 1184 692 1249 tius
713 1181 836 1249 IV.
874 1178 1179 1246 succedit.
1216 1179 1335 1267 qui
1369 1195 1604 1267 praeter
1621 1199 1820 1265 quam
1841 1178 2032 1266 quod
2064 1181 2131 1244 in
2166 1179 2406 1271 Anglia
2442 1190 2507 1249 ὃς
2538 1184 2608 1248 in

564 1275 783 1343 Gallia
815 1273 1032 1340 turbas
1069 1269 1464 1363 gravissimas
1485 1272 1521 1337 a
1541 1270 1871 1338 Matthaeo
1890 1272 2065 1337 Paris
2085 1275 2398 1363 graphice
2434 1276 2617 1366 depi-

565 1371 695 1437 uas
720 1416 739 1448 ‚
785 1369 1136 1445 excitavit3
1184 1366 1382 1432 etiam
1405 1365 1723 1431 Friderici
1742 1410 1763 1442 ,
1810 1368 1918 1431 cui
1935 1384 2084 1432 ante
2104 1367 2430 1457 Papatum
2451 1372 2609 1435 ami-

566 1486 679 1530 cus
700 1461 912 1530 fuerat
929 1508 951 1539 ,
995 1461 1383 1527 acerrimum
1401 1457 1527 1524 sese
1546 1456 1796 1526 hostem
1817 1457 2018 1550 geffit.
2102 1461 2416 1529 Concilio
2435 1466 2611 1529 enim

569 1557 887 1649 Lugduni
918 1554 1210 1632 indieto,
1257 1562 1323 1623 ὃς
1360 1552 1468 1619 die
1486 1575 1685 1618 XXVI.
1710 1552 1865 1643 Jun.
1898 1554 1978 1619 A.
1998 1576 2263 1621 nccxtv.
2299 1557 2613 1624 inchoato

567 1652 891 1719 Caesarem
908 1650 995 1718 eo.
1026 1667 1297 1725 evocat,
1343 1671 1477 1713 non
1510 1647 1882 1713 venientem
1920 1647 2285 1737 gravissime
2321 1651 2622 1730 accusat,

564 1745 907 1829 horrendis
958 1740 1422 1810 devotionibus
1459 1741 1741 1830 imperio
1777 1740 2128 1831 indignum
2178 1746 2565 1831 pronuntiat
2602 1794 2619 1818 ,

552 1836 826 1912 'abdicat
862 1844 927 1917 ὃς
960 1836 1286 1912 sacrorum
1323 1835 1520 1921 etiam
1572 1835 2040 1899 communione
2074 1836 2307 1924 privat.
2403 1839 2617 1926 Cujus

565 1933 841 2023 quidem
880 1927 1330 2005 Conciliabuli
1365 1928 1672 2016 iniquum
1729 1926 2070 1993 decretum
2108 1931 2260 1994 cum
2297 1928 2377 1997 ab
2414 1930 2555 1997 aliis
2593 1977 2614 2010 ,

565 2045 708 2094 tum
730 2026 996 2119 nupera
1033 2020 1404 2090 Sorbonista
1442 2021 1742 2110 Launojo
1760 2021 1917 2112 Epss.
1935 2019 2024 2086 lib.
2047 2041 2106 2109 7.
2158 2022 2365 2090 solide
2386 2022 2620 2092 confu-

565 2139 779 2196 tatum
829 2119 940 2198 est.
1034 2117 1151 2193 Sic
1179 2136 1397 2182 tamen
1432 2115 1712 2181 devotus
1766 2115 2136 2203 Imperator
2173 2118 2407 2182 eodem
2443 2142 2616 2185 anno

564 2215 827 2294 Italiam
860 2211 1115 2289 invadit
1133 2257 1154 2288 ,
1202 2206 1725 2289 Mediolanenses
1745 2208 2028 2298 graviter
2044 2206 2283 2300 affligit
2299 2258 2320 2288 ,
2366 2212 2616 2302 Papam

564 2307 781 2397 ipsum
800 2329 902 2383 eas
920 2308 989 2382 in
1007 2303 1329 2394 angustias
1350 2302 1593 2392 redigit
1612 2348 1633 2379 2
1651 2319 1726 2367 ut
1744 2305 2444 2371 excommunicationis
2465 2330 2616 2373 eum

548 2401 993 2490 ‚poenitueritu
1062 2396 1526 2466 Nihilominus
1545 2393 1655 2460 ille
1690 2397 1987 2485 pecuniis
2026 2398 2324 2487 undique
2359 2398 2619 2466 corrasis

563 2494 935 2569 Hem-icum
955 2490 1348 2582 Thuringiae
1373 2489 1862 2579 Landgravium
1883 2536 1903 2567 ,
1939 2513 2056 2580 per
2098 2494 2349 2580 juratos
2387 2493 2616 2560 Fride-

561 2586 932 2653 rici‘hostes
970 2579 1542 2676 Moguntinum&
1580 2580 2046 2651 Coloniensem
2066 2630 2087 2661 ,
2141 2585 2616 2675 Imperatorem

567 2679 723 2769 eligi
760 2697 986 2757 curat,
1047 2687 1111 2747 &
1151 2677 1494 2753 Friderico
1530 2674 1822 2743 Sicarios
1845 2673 2183 2751 immittit,
2232 2681 2350 2769 qui
2389 2680 2621 2771 depre-

564 2770 741 2835 henfi
762 2773 995 2862 capitis
1032 2770 1363 2862 supplicio
1403 2766 1583 2839 nefas
1620 2768 1901 2836 luerunt.
1997 2771 2328 2838 Henricus
2349 2796 2624 2864 quoque

560 2860 825 2928 vulnere
841 2866 927 2931 ad
942 2863 1224 2930 Ulmam
1241 2880 1519 2954 accepto
1539 2863 1602 2928 d.
1623 2885 1664 2929 v
1679 2886 1704 2927 1
1726 2887 1777 2928 1.
1801 2862 1957 2930 Feb.
1979 2866 2058 2932 A.
2080 2888 2364 2933 Mccxtvi
2387 2892 2413 2934 1
2435 2892 2487 2934 1.
2509 2868 2643 2949 def

560 2951 882 3044 fungitur.
974 2958 1133 3045 Ejus
1169 2957 1527 3034 inlocum,
1572 2958 1912 3023 annitente
1946 2958 2160 3049 Papa,
2212 2960 2620 3028 Wilhelm'us

461 3054 465 3057 ’
507 3064 512 3068 ’
560 3046 945 3113 Hollandiae
970 3050 1218 3115 Comes
1256 3050 1704 3130 substituitt1r3
1754 3050 1867 3116 sed
1884 3072 2225 3141 premente
2265 3055 2622 3126 Conrado.

560 3138 879 3206 Friderici
898 3137 1039 3205 filio
1058 3189 1074 3211 ,
1121 3142 1317 3207 cedit.
1409 3144 1607 3232 Papae
1629 3145 1871 3220 Romae
1889 3147 2130 3212 iterum
2151 3147 2319 3215 duos
2340 3147 2622 3225 ficarios,
2655 3147 2657 3149 ’

558 3240 623 3300 &
660 3233 828 3300 inter
845 3253 954 3299 eos
975 3228 1247 3301 Petrum
1265 3232 1351 3325 de
1367 3235 1601 3304 Vineis
1621 3279 1650 3313 2
1693 3258 1895 3322 quem
1911 3257 2062 3310 ante
2096 3239 2220 3306 hac
2258 3240 2472 3312 fidum
2491 3240 2630 3306 Im*

682 3350 685 3353 ¹
2429 3356 2519 3422 pe
2535 3354 2632 3399 ra·-
