2678 3646
484 144 632 238 296
921 63 2163 215 ‘ECCLESIAER-‘OMANAE

505 279 708 352 quam
741 276 873 322 non
894 249 1147 339 Fronto
1164 243 1301 337 ipse
1319 243 1473 324 ,sed
1490 242 1990 311 Eud‘aemonseu
2008 245 2215 314 mavis
2237 244 2560 317 Cacodaee

492 351 666 423 ,mon
692 348 1023 442 Johannes
1042 389 1064 422 ,
1097 361 1349 407 novum
1387 338 1424 403 ὲ
1463 337 1669 406 Creta
1692 339 2133 431 prodigium,
2157 360 2404 431 ,dpraeter
2433 367 2559 411 ‹co-2

507 443 686 536 piosa
720 439 1007 506 convitia
1025 456 1317 528 regerere
1350 431 1518 500 nihil
1535 433 1802 527 potuit)
1839 435 2010 501 inter
2028 434 2353 526 Epistolas
2373 433 2410 505 a
2430 439 2564 506 Ceo

501 536 623 604 leb.
662 542 728 603 δε
761 527 1148 598 amicissimo
1183 528 1455 601 Graevio
1487 527 1739 597 atistius
1775 527 1983 595 editas
2003 549 2134 622 pag.
2171 536 2560 620 704---798.

492 646 683 696 vextat
701 674 722 707 ,
766 625 1045 716 repetita
1077 622 1281 715 paulo
1298 624 1664 690 accuratius
1682 631 1767 694 ὃς
1802 640 2038 714 praeter
2070 624 2352 692 instituti
2368 628 2566 694 ratio-

504 745 656 791 nem
688 713 1010 813 prolixius
1028 768 1044 791 ‚
1091 720 1248 808 quia
1283 717 1358 785 id
1393 740 1489 784 res
1510 720 1678 787 tanti
1712 720 2037 785 momenti
2070 717 2397 810 postulare
2431 719 2565 787 visa

489 817 596 884 'est
614 864 635 895 ‚
680 810 1452 894 narravimus.‚„confefli,
1486 813 1736 882 meritis
1754 811 2097 905 suppliciis
2116 813 2570 882 horribilesce-

504 909 605 977 lus
639 910 1011 1000 expiarunt.

176 1016 280 1076 Ejus
294 1009 444 1061 amci-
592 1010 651 1074 C
671 1011 729 1073 C
749 1004 822 1071 X
841 1004 875 1071 I
890 1004 944 1070 I.
980 1000 1307 1071 ..Dubitari
1323 1000 1499 1068 certe
1520 1000 1751 1091 nequit
1770 1048 1792 1080 ,
1828 998 2015 1069 fuifl‘e
2046 1003 2568 1093 conjurationem

174 1094 247 1191 ,τ’
262 1093 482 1142 “agger'‘
507 1097 754 1165 isthanc
774 1098 1076 1165 omnium
1093 1144 1115 1176 ‚
1161 1118 1309 1186 quae
1329 1095 1528 1163 nostri
1547 1094 1829 1186 &prisci
1862 1098 1986 1163 aevi
2004 1098 2414 1189 temporibus
2433 1121 2571 1165 me-

506 1209 884 1272 morantur,
919 1190 1240 1271 consilio,
1285 1189 1557 1256 audacia
1592 1198 1657 1259 ὃς
1692 1191 2102 1258 immanitate
2136 1193 2427 1259 maxime
2443 1193 2561 1260 ad-

506 1286 891 1356 mirandam.
953 1286 1144 1354 Nam
1181 1282 1386 1350 fando
1416 1284 1670 1374 ubique
1719 1304 2071 1377 acceptum
2102 1333 2123 1364 ,
2175 1296 2241 1356 &
2276 1284 2453 1353 fama
2486 1287 2574 1355 ad

505 1380 799 1473 posteros
834 1378 1267 1456 transmissum
1286 1377 1375 1446 est
1393 1425 1414 1456 ,
1458 1378 1705 1446 multos
1726 1380 2064 1472 Principes
2086 1378 2317 1448 fraude
2344 1380 2573 1455 caesoss,

509 1484 577 1545 &
613 1472 1045 1565 Respublicas
1082 1471 1330 1541 insidiis
1357 1474 1606 1563 „petitas
1642 1471 1848 1540 fuiffe.
1891 1477 1985 1543 At
2004 1474 2184 1541 nulla
2218 1494 2368 1543 aetas
2394 1475 2573 1551 ,nul-

493 1566 794 1637 latellus
828 1567 955 1636 tale
978 1566 1487 1658 conspirationis
1523 1567 1886 1633 monstrum
1921 1592 2215 1657 unquam
2252 1569 2457 1649 aluit,
2502 1571 2573 1636 in

404 1662 407 1665 ’
508 1686 644 1754 qua
678 1663 835 1730 Rex·
871 1685 1025 1729 cum
1061 1662 1358 1754 Regina,
1406 1679 1702 1751 parentes
1723 1664 2097 1729 cum-omni
2128 1662 2392 1742 sobole,
2438 1663 2576 1732 Re-

492 1759 625 1849 gni
660 1756 1209 1831 totius-Ordines,
1245 1772 1467 1822 totum
1486 1755 1776 1844 denique
1796 1755 2116 1847 Regnum
2133 1803 2155 1836 ,
2189 1765 2256 1826 &
2287 1757 2356 1823 in
2376 1781 2455 1824 eo
2474 1759 2570 1823 in-

503 1868 820 1919 nocentes
854 1851 1182 1918 innumeri
1215 1850 1332 1916 uni
1367 1849 1575 1916 exitio
1610 1872 1746 1915 uno
1787 1867 2139 1917 momento
2174 1849 2577 1917 destinaban-

499 1963 636 2014 tur.
690 1947 798 2013 Ut
833 1944 1127 2037 populus
1148 1945 1496 2014 Romanus
1515 1966 1715 2010 unam
1741 1947 2074 2017 cervicem
2092 1943 2356 2012 haberet
2374 1992 2396 2025 ,
2445 1946 2582 2013 Ca-

498 2039 731 2132 ‹ligulae
766 2059 1003 2108 votum
1038 2038 1268 2117 fuisse,
1315 2056 1573 2106 narrant
1599 2037 1886 2105 xhistoriae
1926 2064 1938 2106 :
1988 2037 2100 2106 sed
2133 2043 2370 2107 votum
2406 2038 2576 2106 dun-

515 2151 696 2201 taxat
722 2134 1178 2224 praetereaque
1211 2130 1395 2201 nihil.
1445 2133 1549 2211 Hi
1581 2133 1740 2200 vero
1790 2131 2047 2200 Zelotae
2083 2157 2214 2201 non
2251 2151 2579 2201 voverunt

503 2226 614 2294 ,illi
648 2229 922 2317 quidem
956 2227 1219 2296 fortasse
1237 2273 1259 2306 ,
1297 2244 1382 2294 ..ut
1415 2226 1711 2295 universa
1729 2226 2580 2297 Britaniacervicemunam

507 2320 780 2390 ,haberet
799 2369 819 2402 ,
866 2347 1002 2389 uno
1035 2322 1171 2389 istu
1208 2321 1698 2413 praecidendam
1726 2344 1738 2386 :
1784 2321 1893 2389 sed
1914 2369 1935 2401 ‚
1981 2323 2172 2411 quod
2205 2320 2407 2415 longe
2441 2345 2579 2388 ma-

497 2416 619 2502 jus
655 2414 744 2481 est
763 2461 783 2493 ,
829 2415 1298 2483 subtilisfimam
1320 2416 1681 2494 rationem,
1720 2416 1885 2482 novi
1910 2415 2184 2510 Sisyphi
2203 2462 2224 2496 ,
2262 2418 2429 2484 novi
2446 2418 2585 2485 Au-

523 2505 1157 2599 tolyxcirepererunt,
1203 2510 1339 2602 qua
1357 2510 1431 2577 id
1463 2509 1680 2602 ipsum
1716 2508 1855 2576 fere
1890 2511 1959 2578 in
1993 2510 2235 2602 Anglia
2271 2509 2580 2596 effestum

532 2599 800 2680 darent,
844 2600 1031 2692 quod
1048 2604 1289 2671 Romae
1328 2602 1639 2696 Caligula
1667 2603 1926 2683 volvit,
1974 2627 2092 2670 nec
2128 2605 2372 2694 potuit.
2420 2601 2491 2669 Si
2526 2625 2588 2668 e-

532 2693 672 2759 nim
703 2693 965 2762 istarum
999 2696 1375 2766 insidiarum
1393 2720 1631 2790 magna
1664 2696 1902 2770 moles,
1948 2696 2060 2764 sed
2077 2696 2482 2788 improspera
2498 2696 2586 2764 ad

526 2792 770 2854 ‘votnm
802 2788 1179 2858 succeffisset
1199 2839 1221 2870 ,
1266 2792 1435 2883 quid
1454 2789 1756 2860 futurum
1774 2808 1910 2859 erat
1927 2790 2111 2859 aliud
2129 2838 2150 2870 ,
2194 2790 2310 2858 nifi
2329 2813 2583 2883 magnae

538 2875 1104 2973 Britanniae-caput
1139 2908 1269 2951 una
1294 2885 1510 2975 veluti
1544 2884 1796 2955 cervice
1816 2887 2046 2954 nixum
2064 2885 2429 2977 amputasse
2448 2933 2469 2965 ,
2515 2893 2582 2955 δε

533 2965 773 3056 reliqui
805 2977 1094 3063 corporis
1113 2995 1348 3045 trunco
1365 2979 1567 3048 vitam
1589 2981 1891 3071 eripuisse
1905 2991 1933 3069 ⁸?
1980 2982 2070 3048 Et
2090 2978 2417 3071 Caligulae
2436 2980 2585 3069 qui-

541 3059 697 3126 dem
731 3080 963 3129 votum
983 3111 1003 3142 ³
1044 3086 1122 3141 ut
1139 3088 1274 3137 erat
1307 3076 1670 3141 temeritate
1686 3074 2015 3142 subitanea
2034 3091 2470 3165 conceptum:
2493 3075 2606 3141 ita*

533 3151 802 3221 fortasse
819 3200 841 3234 ,
878 3155 933 3221 vfi
967 3160 1100 3244 ejus
1135 3166 1502 3252 exequendi
1538 3169 1820 3257 potestas
1854 3166 1976 3259 ipsl
1996 3168 2148 3238 esset
2183 3191 2266 3236 ex
2284 3170 2582 3259 inopina-

519 3264 606 3315 το
640 3245 849 3330 fasta,
893 3253 1285 3342 poenitentia
1319 3255 2018 3345 fuissetemendatum,
2057 3288 2188 3356 pro
2223 3287 2303 3330 eo
2335 3283 2411 3328 ac
2444 3259 2580 3343 ani·
2642 3345 2645 3347 .

2371 3373 2487 3419 mu
2497 3373 2561 3418 m
