2678 3646
554 159 1171 235 PERIODUS
1213 160 1764 235 SEPTIMA.
2065 192 2199 267 379

110 287 397 378 tumque
414 281 608 354 simul
625 331 646 365 ,
665 282 781 357 sub
799 279 1185 378 gravissimis
1204 281 1486 351 censuris
1506 283 1945 362 ecclesiasticis
1965 292 2032 355 &
2050 310 2197 378 poe-

118 386 218 453 nis
248 377 679 460 secularibus,
725 403 807 449 ne
840 380 990 472 quis
1024 379 1456 471 imposterum
1493 382 1579 448 de
1613 384 1884 450 materia
1915 382 2198 457 auxilio-

119 503 269 548 rum
307 478 711 547 Divinorum
728 525 743 549 ,
791 474 922 550 fine
956 475 1248 567 expressa
1284 483 1349 545 ὃς
1384 475 1652 567 speciali
1682 478 1949 547 licentia
1966 479 2197 546 tracta—

118 593 217 642 ret
236 620 258 654 ,
299 575 470 641 donec
484 573 641 639 aliud
647 576 713 638 in
728 569 833 638 hac
847 579 1085 639 materia
1115 568 1151 636 ἂ
1162 572 1298 663 fide
1329 573 1623 665 Apostolz'ca
1639 573 1828 665 fuerit
1859 576 2196 642 ordinatum.

115 668 447 747 Prohibiti
465 659 830 758 quinetiam
844 667 1082 734 eadem
1101 665 1279 733 bulla
1296 666 1445 734 sunt
1473 692 1701 735 omnes
1720 669 1901 745 libri,
1948 673 2070 761 qui
2088 669 2197 738 vel

116 762 564 857 proJansenio
586 807 609 841 ,
651 761 758 829 vel
776 780 1004 829 contra
1023 785 1176 829 eum
1197 763 1281 828 de
1300 762 1423 828 hac
1443 766 1712 831 materia
1729 764 1957 857 scripti
1976 765 2192 839 essent,

115 859 224 926 vel
258 858 690 949 imposterum
704 856 1084 924 scribentur.
1135 858 1454 949 Cumque
1489 859 1767 926 censurae
1788 860 1944 927 huic
1965 861 2198 951 Papali

39 975 42 978 ’
116 954 341 1045 Belgae
379 954 440 1019 se
460 976 592 1020 non
625 950 1053 1019 submisissent
1072 999 1092 1030 ,
1140 974 1356 1042 neque
1375 956 1429 1042 ej
1441 977 1513 1020 us
1542 954 2062 1044 publicationem
2083 957 2217 1047 ad*

118 1051 387 1120 mittere
399 1047 461 1116 se
480 1045 650 1114 velle
665 1096 689 1122 ‚,
728 1045 908 1138 prius
928 1048 1132 1136 quam
1153 1047 1365 1139 Regis
1386 1049 1726 1138 Hispaniae
1745 1052 2108 1119 authoritas
2126 1059 2193 1143 ’ὃς

116 1142 459 1215 consensus
481 1140 810 1209 accesserit
824 1151 862 1213 ,’
890 1141 1274 1211 ‚delaraffent
1292 1179 1311 1221 3
1370 1143 1676 1210 Urbanus
1697 1146 1919 1213 denuo
1937 1146 2202 1213 Bullam

107 1239 300 1307 ¹fuam
322 1241 400 1306 A.
424 1265 482 1302 M.
505 1262 559 1303 n.
576 1259 630 1302 c.
652 1259 842 1305 XLIV.
856 1237 1134 1327 repetiit
1146 1235 1712 1328 confirmavitque
1732 1286 1751 1318 ,
1770 1244 2198 1331 perpetuum-

113 1358 246 1425 que
300 1330 903 1399 contradicentibus
939 1329 1268 1398 silentium
1303 1331 1640 1422 imposuit.
1693 1336 1758 1401 N
1773 1359 1943 1425 eque
1974 1355 2196 1404 tamen

116 1430 204 1497 fic
242 1428 327 1496 ad
364 1424 664 1522 ἐχεμυθίαν
680 1425 1037 1518 seseredigi
1064 1424 1412 1518 Jansenitae
1435 1426 1593 1518 paffi
1613 1427 1778 1496 sunt.
1830 1432 2194 1499 Enimvero

108 1522 502 1617 Jansenium-
531 1520 984 1589 defenderunt
1006 1520 1264 1588 <strenue
1299 1522 1504 1587 iidem
1538 1568 1580 1601 ,,
1606 1525 1723 1613 qui
1760 1525 1950 1616 supra
1969 1574 1990 1604 ,
2038 1527 2198 1594 Fro-

116 1618 405 1691 mondus
423 1665 444 1696 ,
492 1619 545 1708 ej
557 1639 629 1683 us
648 1618 717 1683 in
737 1617 1049 1683 cathedra
1070 1616 1458 1684 Lovanienfi
1477 1615 1795 1685 successor
1815 1668 1833 1697 ,
1855 1621 2062 1687 Cario
2082 1622 2201 1688 Pa-

115 1711 377 1782 rifienfis
398 1710 798 1802 Theologus
817 1758 836 1790 ,
858 1710 1249 1778 Sorbonistae
1269 1712 1571 1802 plerique
1590 1760 1611 1790 ,
1630 1736 1749 1778 nec
1769 1738 1903 1780 non
1925 1716 2198 1782 Archie-

107 1807 431 1898 ‘piscopus
453 1805 947 1887 Mechliniensis
967 1853 988 1883 ,
1035 1805 1256 1896 Belgii
1275 1808 1517 1872 Primas
1536 1853 1557 1883 ,
1603 1811 1735 1872 una
1754 1831 1908 1874 cum
1928 1810 2197 1900 reliquis

120 1901 472 1991 Episcopis
492 1908 557 1966 &
577 1898 1006 1965 Generalibus
1029 1900 1393 1974 Provinciae
1411 1948 1426 1972 ,
1446 1902 1579 1989 *qui
1598 1901 1863 1969 Bullam
1882 1904 2197 1995 Papalem

107 2018 243 2086 ,per
262 1993 497 2071 dolum
518 1991 728 2062 sub-,Sc
748 1991 1157 2080 obreptionis
1177 2010 1506 2060 eXtortam
1541 1996 2033 2085 pertenderunt.
2077 1999 2199 2089 qui

120 2089 318 2180 proin
337 2087 527 2176 aeque
546 2109 621 2151 ac
640 2084 777 2176 ipse
796 2085 1015 2176 Belgii
1034 2086 1454 2158 Gubernator
1472 2135 1494 2167 ,
1514 2088 1570 2156 F
1576 2091 1895 2158 ranciscus
1915 2092 2002 2160 de
2021 2094 2198 2161 Mel-

121 2183 192 2250 lo
213 2231 234 2263 ‚
279 2182 511 2249 induci
548 2204 682 2247 non
716 2197 1082 2270 potuerunt
1104 2233 1120 2259 ,
1166 2201 1242 2249 ut
1260 2230 1282 2262 ,
1329 2183 1519 2273 quod
1538 2186 1574 2251 a
1614 2186 1794 2277 Papa
1813 2187 2029 2255 severe
2039 2188 2193 2279 jussi

121 2296 303 2345 erant
322 2324 342 2355 ,
362 2275 610 2342 bullam
629 2278 681 2364 ej
692 2298 765 2340 us
787 2277 1163 2342 executioni
1182 2278 1586 2345 mandarent.
1636 2278 1768 2346 Sed
1788 2290 1852 2350 &
1874 2282 2196 2369 Innocen-

124 2374 255 2441 tius
290 2371 380 2438 X.
409 2369 665 2437 Urbani
694 2368 1015 2436 succeffor
1034 2417 1055 2448 ‚
1103 2374 1257 2438 cum
1293 2371 1541 2439 bullam
1565 2374 1824 2443 Urbani
1857 2375 2040 2445 eludi
2076 2403 2197 2469 pu-

120 2484 289 2534 taret
310 2514 330 2545 ,
376 2465 662 2532 sedecim
682 2463 918 2560 Brevia
936 2463 1108 2531 misit
1127 2512 1147 2543 ,
1195 2489 1436 2558 nempe
1471 2468 1555 2534 ad
1578 2470 2043 2539 Marchionem
2060 2475 2197 2541 Ca-

119 2561 232 2630 stri
252 2561 546 2652 Rodrigi
565 2607 585 2638 ,
632 2558 1158 2626 Gubernatorem
1179 2560 1414 2653 Belgii.
1465 2563 2023 2658 Archiepiscopos
2045 2569 2197 2637 Me-

124 2655 551 2727 chliniensern
569 2663 652 2723 1&
668 2654 1207 2721 Cameracensem
1225 2706 1239 2730 ‚
1278 2656 1648 2749 Episcopos
1671 2659 1886 2752 Belgii
1906 2662 2156 2754 septem
2177 2714 2199 2744 ,

123 2749 590 2822 Univerfitat-is
622 2748 937 2819 ,Sorbonae
973 2747 1368 2843 Theologos
1388 2799 1409 2830 ‚
1457 2754 1856 2845 Magistrum
1892 2758 2199 2826 Guilhel-

124 2867 312 2910 mum
331 2844 417 2910 ab*
433 2842 703 2935 Angelis
719 2842 785 2909 S.
808 2842 895 2910 T.
918 2845 999 2911 D.
1012 2896 1015 2898 >
1028 2844 1500 2913 Lovaniensem
1515 2894 1536 2925 ,
1561 2850 1984 2940 Leopoldum
2006 2853 2198 2921 Guil'-

120 2937 423 3009 helmum
438 2948 465 3017 ,'
506 2937 959 3007 Archiducem
977 2939 1252 3008 Austriae
1271 2962 1295 3020 ,·
1314 2963 1317 2964 ’
1336 2949 1405 3011 ὅς
1444 2942 1854 3036 Episcopum
1887 2949 2196 3040 Argenti-

120 3032 387 3100 nensem
406 3069 424 3112 3
471 3032 714 3123 quibus
734 3032 1126 3122 confirmata
1142 3036 1401 3103 >Urbani
1438 3036 1631 3126 Bulla
1653 3087 1674 3118 ,
1719 3042 1806 3130 inj
1817 3044 2086 3111 unstum
2109 3046 2197 3112 se-

115 3128 218 3193 rio
239 3175 260 3207 ,
304 3147 383 3204 ut
402 3126 583 3202 illam
614 3129 888 3195 tandem
924 3130 1424 3223 promulgarent
1459 3141 1525 3201 &
1558 3157 2052 3225 exequerentur.
2105 3142 2192 3206 Et

121 3221 366 3297 alicubi
383 3223 659 3314 quidem
680 3271 700 3303 ,
748 3243 911 3314 puta
929 3228 1314 3317 Antuerpiae
1336 3268 1356 3306 -,
1403 3230 1621 3295 Duaci
1642 3232 1707 3298 N
1721 3236 1968 3299 amurci
1991 3281 2010 3310 2
2030 3231 2196 3298 aliis-

89 3313 256 3410 que
290 3317 454 3391 loci-s
473 3318 805 3393 nonnullis
824 3321 1919 3483 promulgssrli)‚badeoqueJanse-nii
1950 3325 2195 3394 affeclae

1358 3442 1389 3483 2
2033 3444 2195 3487 non-
