2678 3646
592 147 1209 223 PERIODUS
1260 147 1665 222 SEXTA.
1832 137 1834 140 ’
2038 182 2173 230 221

98 273 415 364 Pontfficatu
433 267 630 360 fhteri.
674 267 861 336 Belle
879 264 1127 335 scilicet
1146 313 1169 346 ,
1206 289 1328 334 ceu
1347 265 1564 333 ἄτοπον
1598 276 1663 336 &
1682 266 2076 350 absurdum,
2110 279 2182 340 in

95 371 421 459 Pontificatu
455 370 746 432 Divinum
779 363 1061 457 quidpiam
1093 387 1205 429 non
1237 362 1394 454 inesſs
1427 410 1450 442 ‚
1496 362 1820 446 inferen85
1868 372 1934 458 ὃς
1956 364 2171 435 Simo-

98 467 278 534 niam
311 463 527 531 labem
561 461 685 529 esse
717 484 801 528 ne
833 459 1113 551 quidem
1146 459 1657 551 vituperandam
1707 461 1778 527 in
1811 459 2132 529 Pontifice
2149 508 2173 543 ‚

95 561 398 629 statuens.

194 656 258 722 C
284 655 339 721 L
361 654 432 722 X
454 655 522 724 V
542 652 593 719 I.
615 649 896 720 Diffidia
913 650 981 718 in
1000 649 1318 742 religione
1337 667 1521 720 mota
1537 649 1730 717 latius
1749 649 2001 743 serpere
2018 655 2173 720 cnm
2199 655 2374 720 Q'al‘m
2387 657 2439 722 fi

98 770 387 819 cerneret
409 747 641 816 Paulus
662 794 683 826 ,
727 744 1256 815 antecessoresuo
1274 745 1545 812 astutior
1562 794 1583 824 ,
1618 746 1910 814 studium
1946 749 2171 814 amici·
2194 726 2551 838 ζξῇϊίῖζ”””

97 846 205 912 tiae
229 844 538 912 Caesareae
557 840 877 934 fingulare
896 863 1029 932 prae
1050 839 1112 906 se
1131 839 1309 920 tulit,
1335 841 1475 930 quo
1497 837 1755 907 facilins
1775 841 1993 933 ipsum
2013 866 2168 912 cum
2187 855 2372 919 gefferit·

96 938 239 1006 aliis
263 939 673 1031 Principibus
693 936 778 1003 ad
796 959 974 1004 arma
992 937 1066 1002 in·
1085 934 1514 1003 Protestantes
1534 938 1860 1027 capienda
1877 985 1897 1015 ,
1916 938 1952 1004 s
1944 961 2021 1003 an
2029 940 2172 1030 gui-

92 1036 189 1101 nis
211 1034 592 1102 Germanici
609 1029 1074 1108 fitientissimus
1093 1031 1425 1097 concitare
1443 1030 1656 1120 posset
1672 1067 1692 1110 3
1741 1031 1830 1098 Et
1848 1034 2185 1123 importu-

94 1153 176 1195 na
196 1126 473 1219 quidem
493 1128 906 1219 flagitatione
924 1127 1015 1210 ita
1034 1125 1397 1191 concitavit
1415 1125 1706 1214 denique
1740 1173 1762 1204 ,
1809 1146 1884 1194 ut
1919 1126 2172 1196 bellum

93 1222 485 1290 dirissimum
519 1222 589 1289 in
623 1221 977 1290 Germania
1012 1217 1317 1285 exarserit
1335 1263 1358 1296 ,
1390 1218 1459 1286 in
1493 1240 1633 1307 quo
1669 1218 1809 1286 duo
1846 1222 2185 1313 Principes
2223 1263 2227 1265 -

88 1337 532 1411 praepotentes
553 1314 944 1407 Euangelici
961 1316 1101 1381 acie
1119 1309 1461 1380 inferiores
1479 1314 1547 1381 in
1586 1313 1858 1381 Caesaris
1895 1317 2182 1406 potesta-

89 1433 225 1481 tem
246 1415 497 1505 captivi
516 1410 982 1480 concesserunt.
1033 1406 1490 1479 Veruntamen
1509 1431 1584 1474 ea
1600 1432 1815 1476 rerum
1835 1411 2184 1480 conversio

16 1574 19 1576 ,
90 1506 263 1575 fasta
297 1508 387 1576 est
405 1555 427 1587 ‚
472 1526 549 1576 ut
583 1505 855 1574 dimissis
897 1503 1308 1595 Principibus
1346 1504 1626 1594 captivis
1646 1551 1667 1582 ‚
1713 1527 1789 1570 ac
1824 1505 2174 1597 religionis.

81 1603 382 1672 libertate
401 1603 748 1672 Germanis
770 1601 1066 1669 concessa
1083 1647 1105 1678 ,
1141 1596 1401 1689 Papalis
1420 1598 1726 1664 amicitiae
1764 1597 2014 1667 frustus
2049 1601 2164 1692 spe

87 1699 305 1767 multo
325 1700 609 1768 minores
630 1696 850 1764 Caesar
885 1694 1143 1763 senserit
1160 1741 1183 1774 ,
1232 1691 1674 1782 malueritque
1708 1692 1771 1759 se
1787 1743 1809 1766 ,
1857 1694 2007 1784 post
2041 1697 2165 1776 im-

88 1787 284 1884 pensa
302 1794 500 1883 Papae
521 1792 779 1858 servitia
797 1838 818 1868 ,
853 1790 1341 1857 Germanorum
1378 1787 1770 1878 Principum
1800 1790 2162 1857 amicitiam

90 1885 452 1955 Pontificio
472 1883 714 1951 foederi
736 1881 1173 1974 praeposuiss‘e.
1212 1883 1398 1949 Nam
1418 1880 1532 1947 etsl
1550 1884 1833 1949 minores
1853 1884 1921 1949 in
1941 1883 2161 1975 ipsum

93 1978 285 2051 Pauli
320 1977 773 2068 tardioresque
806 1976 1012 2066 quam
1064 1974 1345 2041 aliorum
1385 1973 1792 2059 Pontificum
1828 1977 2174 2045 machina-

87 2077 298 2144 tiones
337 2071 638 2139 fuerunt:
691 2092 909 2138 tamen
931 2069 1140 2136 fastus
1177 2069 1445 2135 tandem
1483 2071 1519 2136 a
1558 2069 1814 2137 Caesare
1849 2070 2123 2141 alienior
2139 2119 2174 2152 ,,

88 2170 283 2261 quod
315 2171 367 2235 is
408 2173 702 2233 Parmam
719 2185 921 2256 atque
957 2165 1360 2232 Placentiam
1395 2163 1544 2254 post
1579 2163 1795 2232 filium
1813 2164 2161 2261 Aloyfium

89 2264 541 2354 conjuratione
560 2260 887 2345 sublatum
905 2258 1270 2350 reposcenti
1289 2306 1309 2337 ‚
1357 2258 1646 2350 negasset
1666 2307 1686 2340 ,
1733 2282 1836 2326 eas
1855 2260 1916 2326 se
1936 2264 2163 2329 civita.

87 2378 184 2429 tes
204 2361 273 2425 in
294 2357 566 2426 ditionis
586 2379 661 2421 ac
682 2355 1022 2445 dignitatis
1046 2350 1409 2444 Imperialis
1429 2355 1891 2444 praejudicium
1926 2355 2176 2424 aliena--

86 2479 155 2522 re
173 2451 392 2544 posse,
441 2449 805 2518 vindistam
823 2450 1077 2539 agitans
1100 2448 1184 2513 de
1204 2446 1473 2514 transitu
1492 2449 1577 2514 ad
1613 2447 1902 2515 Gallicas
1937 2470 2156 2541 partes

86 2547 351 2615 consilia
368 2544 649 2636 suscepit
670 2582 689 2624 3
724 2542 1129 2634 perfecturus
1150 2543 1347 2609 etiam
1366 2590 1388 2623 >
1410 2540 1524 2608 nisi
1542 2561 1973 2633 praevertente
1991 2570 2175 2614 mor-

90 2660 156 2708 te
173 2642 258 2709 ad
279 2640 496 2730 plures
516 2638 781 2705 abiisset.
1262 2725 1264 2727 Ι

177 2735 241 2801 C
267 2736 320 2799 L
342 2734 414 2800 X
435 2735 504 2803 V
527 2733 559 2800 I
579 2734 629 2800 Ι.
682 2731 977 2801 Concilii
994 2730 1328 2800 Generalis
1351 2731 1765 2799 convocandi
1786 2780 1806 2811 ,
1855 2742 1920 2802 δε
1955 2733 2155 2802 refor-
2179 2753 2459 2807 concinnet&-

91 2827 346 2896 mandae
367 2826 671 2893 Ecclesiae
691 2826 907 2894 statim
926 2847 1125 2918 atque
1143 2827 1384 2894 elestus
1406 2827 1585 2918 Papa
1604 2826 1693 2893 est
1714 2874 1733 2905 ,
1780 2827 2073 2896 studium
2095 2853 2156 2895 e-
2181 2817 2418 2928 Jffl'd‘flff‘·

91 2923 323 2991 nixum
345 2944 477 3013 prae
497 2920 559 2988 se
579 2920 750 2989 tulit.
803 2920 1087 2991 Delectis
1123 2923 1327 3014 igitur
1361 2919 1491 2987 sive
1510 2922 1756 3002 tribus,
1804 2926 1904 2991 uti
1925 2923 2154 2992 Suavis
2179 2891 2454 2997 tiffsmestar

88 3017 284 3085 habet
304 3064 324 3095 ,
371 3014 502 3082 sive
520 3014 817 3107 pluribus
836 3064 857 3096 ,
904 3019 1003 3084 uti
1022 3015 1458 3098 Pallavicinus
1479 3034 1691 3085 narrat
1729 3018 2114 3110 Purpuratis
2136 3066 2157 3098 ,

89 3112 173 3177 de
210 3108 627 3178 reformanda
662 3110 947 3178 Ecclesia
982 3110 1530 3180 consultationem
1567 3113 1887 3205 injungit:
1940 3114 2171 3204 diplo-

22 3214 28 3219 ’
89 3224 264 3272 mate
283 3206 484 3273 etiam
504 3204 804 3274 exhibito
822 3253 844 3285 ,
890 3230 1029 3296 quo
1047 3230 1265 3275 rerum
1285 3208 1503 3298 capita
1522 3208 1856 3275 tratffand'a
1877 3229 2166 3297 expone-

86 3299 342 3371 bantur.
392 3302 756 3372 Decretum
774 3319 994 3374 tamen
1012 3324 1197 3467 mo}
1206 3348 1228 3380 ‚
1277 3325 1358 3368 ne
1375 3302 1758 3395 vulgaretur
1777 3302 2077 3459 diplorqa
2098 3298 2182 3460 idl-

1221 3419 1256 3464 e
1310 3418 1352 3486 3
2049 3417 2090 3459 u
2167 3439 2207 3472 ‚3
