2678 3646
19 2031 22 2034 -
96 1988 296 2057 stibus
316 1991 368 2079 ej
378 2011 452 2055 us
471 2034 492 2066 ,
538 1987 753 2054 donec
772 2010 1017 2079 magno
1036 2010 1190 2055 cum
1210 1990 1503 2056 exercitu
1522 1987 1688 2055 stans
1707 1989 1775 2055 in
1795 1989 2139 2081 procinstu

77 695 80 697 ·
103 668 273 733 tenti
307 667 559 734 diutius
597 665 809 758 Regis
828 665 1064 734 do6tus
1084 715 1106 747 ,
1153 675 1220 737 &
1241 669 1557 760 gravioris
1577 667 1733 733 mali
1752 687 1935 736 metu
1956 668 2179 734 conci-

528 118 1146 235 PERiosz
1195 164 1776 238 SEPTIMA*
2045 173 2176 262 283

108 283 337 379 (cujus
374 301 603 353 contra
655 282 1136 354 restitutionem
1172 282 1357 352 illam
1409 287 1776 354 orationem
1813 286 1998 378 apud
2036 287 2183 355 Cel.

109 379 606 473 Hospinianum
627 380 822 468 Hssor.
837 378 972 471 ch
962 400 1025 473 p.
1045 380 1156 470 96.
1178 400 1290 470 97.
1313 389 1438 453 &c.
1475 380 1693 476 legere
1711 379 1841 474 est)
1861 380 2184 473 posthmi-

105 478 222 543 nio
256 477 590 544 redierunt
607 513 626 557 3
647 477 1018 568 pertexturi
1036 476 1285 544 scilicet
1302 527 1317 551 ,
1338 500 1540 568 quam
1559 476 1806 545 nefarie
1826 495 2185 569 coeperant,

104 572 447 663 parricidii
481 571 698 639 telam.
754 571 1029 639 Interim
1067 570 1381 640 Clemens
1401 573 1583 664 Papa
1608 620 1630 653 ,
1677 574 2074 665 poenitentia
2093 594 2189 639 re-
2208 589 2411 662 Henrfcuf

2213 651 2406 728 Ponttfict
2423 666 2490 695 re·

106 778 212 827 tus
229 810 245 833 ,
298 762 558 854 Regem
578 810 593 834 ‚
643 764 829 851 cujus
848 780 1309 852 procuratores
1328 760 1495 830 miffi
1536 762 1832 854 genubus
1856 768 2046 853 Papae
2065 762 2181 829 ad·
2198 718 2465 817 ”mhff'm'

103 854 361 934 voluti,
408 878 651 924 errores
669 861 806 945 ejus
843 879 990 923 vice
1008 859 1346 947 ejurarunt
1365 904 1386 936 ,
1432 856 2014 947 obedientiamque
2033 881 2185 948 pro-

105 950 417 1018 miserunt
436 989 457 1032 3
506 968 771 1018 cantato
790 949 1049 1020 Psalmo
1088 980 1119 1017 1.
1147 976 1200 1019 1.
1238 952 1326 1020 ad
1361 954 1548 1042 cujus
1584 950 1874 1044 fingulos
1909 951 2184 1018 versicu-

99 1043 199 1112 los
241 1046 423 1137 Papa
457 1044 717 1138 virgula
736 1044 918 1136 quasi
952 1045 1249 1114 vindista
1268 1092 1289 1126 ,
1334 1070 1467 1136 qua
1502 1065 1579 1114 ut
1614 1047 1775 1115 olim
1797 1047 1961 1113 servi
1996 1047 2182 1138 apud

103 1141 452 1210 Romanos
473 1140 1109 1208 manumittebantur
1125 1191 1140 1214 ‚
1160 1138 1245 1206 fic
1266 1140 1471 1207 hodie
1488 1142 1778 1231 peccatis
1797 1143 1951 1209 nexi
1978 1139 2183 1207 absol-

100 1252 349 1302 vuntur
384 1272 403 1315 3
451 1235 681 1303 leviter
716 1233 1055 1326 supplices·
1085 1234 1496 1324 cernuosque
1546 1253 2003 1325 procuratores
2041 1234 2180 1301 Re-

100 1331 245 1421 gios
266 1327 482 1409 feriit3
531 1352 612 1396 ex
631 1328 794 1396 solio
813 1330 1075 1421 surgens
1096 1376 1117 1408 ,
1164 1331 1535 1421 apertoque
1554 1330 1774 1421 capite
1803 1328 2176 1396 solennibus

97 1424 505 1492 orationibus
527 1425 809 1492 recitatis
829 1475 844 1498 ‚
893 1433 957 1493 ὃς
996 1426 1219 1491 denuo
1237 1426 1308 1491 in
1325 1423 1520 1497 solio,
1556 1442 1822 1514 recepta
1841 1422 2000 1491 t'iara
2021 1448 2176 1491 con-

99 1517 309 1586 fidens
328 1566 350 1598 ,
396 1526 460 1589 &
489 1519 738 1609 judicis
760 1520 892 1587 ritu
911 1518 1297 1588 sententiam
1332 1517 1464 1585 alta
1497 1541 1665 1584 voce
1699 1520 2132 1609 pronuntians
2153 1565 2174 1596 ,

95 1614 497 1681 authoritate
516 1614 998 1705 omnipotentis
1018 1615 1150 1682 Dei
1169 1613 1245 1680 B.
1272 1612 1349 1681 B.
1370 1611 1849 1703 Apostolorum
1888 1613 2067 1680 Petri
2104 1621 2170 1681 δε

94 1707 323 1787 Pauli,
369 1708 617 1798 suaque
652 1710 689 1775 a
724 1707 997 1776 vinculo
1035 1708 1783 1785 excommunicationis,
1830 1706 2170 1774 haereseos-

93 1826 227 1891 que
262 1802 460 1892 culpa
495 1801 791 1869 absolvit.
841 1803 1093 1890 Neque
1110 1801 1197 1867 fic
1216 1821 1437 1868 tamen
1456 1803 1523 1866 in
1559 1819 1709 1867 tuto
1729 1799 2054 1868 collocata
2073 1801 2164 1868 est
2189 1837 2215 1883 ,3
2235 1833 2509 1887 nmium,

98 1896 319 1987 Regia
351 1894 555 1975 salus3
604 1894 1129 1960 machinantibus
1165 1898 1303 1984 ejus
1338 1895 1680 1961 interitum
1711 1896 2028 1962 continue
2050 1895 2167 1963 ho·
2187 1902 2453 2033 {ffiimlizin

2146 2037 2168 2070 2
2247 2038 2253 2044 ·
2372 2045 2375 2049 ›

92 2102 169 2152 ut
189 2084 554 2150 Germanos
574 2079 934 2150 foederatos
945 2084 1207 2172 juvaret
1228 2129 1248 2161 ,
1269 2083 1401 2151 Die
1427 2106 1527 2149 1v.
1549 2083 1722 2151 Maii
1740 2130 1762 2162 ,
1782 2085 1861 2151 A.
1890 2111 1947 2151 M.
1966 2110 2020 2149 n.
2042 2106 2167 2152 c.x.
2193 2046 2342 2082 maur.

96 2179 135 2247 a
173 2177 562 2247 Ravaillaco
598 2175 1073 2269 Engolismenfi
1117 2175 1417 2244 horribili
1449 2177 1778 2268 parricida
1810 2225 1833 2257 ,
1884 2178 2020 2246 istu
2057 2202 2170 2271 ge-

97 2274 283 2341 mino
317 2271 433 2339 sub
469 2272 770 2361 quintam
790 2263 1035 2339 costam
1054 2270 1240 2339 illato
1259 2317 1281 2350 ,
1325 2272 1393 2338 in
1431 2293 1625 2339 curru
1644 2272 1870 2340 sedens
1903 2272 2170 2341 interfe-

97 2368 239 2435 &us
260 2364 506 2433 nefarie
526 2365 633 2432 est.
677 2367 741 2434 A
758 2362 1075 2457 supremae
1094 2365 1512 2434 authoritatis
1521 2365 1860 2456 judicibus
1882 2417 1896 2441 ,
1913 2367 1999 2434 de
2018 2391 2167 2435 cau-

94 2462 159 2531 sa
193 2462 474 2552 suscepti
493 2460 830 2552 parricidii
847 2462 1284 2553 interrogatus
1303 2458 1561 2527 sicarius
1577 2511 1593 2534 ‚
1641 2464 1881 2530 cumin
1902 2486 2164 2530 reorum

94 2555 318 2628 sellula
354 2556 640 2633 sederet,
687 2579 820 2621 non
854 2578 972 2646 per
989 2555 1295 2648 ambages
1318 2562 1382 2624 δε
1402 2556 1753 2648 aenigmata
1770 2603 1791 2634 ,
1837 2555 1949 2623 sed
1968 2556 2167 2646 liqui-

99 2652 193 2718 do
232 2660 298 2719 &
323 2650 559 2718 diserte
596 2649 966 2740 respondit:
1017 2649 1172 2717 ideo
1191 2649 1253 2717 se
1273 2694 1294 2728 ‚
1340 2650 1529 2739 quod
1566 2648 1854 2731 fecisset,
1901 2649 2121 2719 feciffe
2141 2700 2164 2731 ,

96 2746 255 2835 quia
271 2744 431 2812 Rex
468 2742 975 2811 Protestantibus
1009 2743 1380 2811 Germaniae
1416 2744 1834 2836 Principibus
1871 2745 1941 2813 in
1977 2746 2166 2812 causa

98 2836 395 2906 Clivensi
430 2860 633 2927 opem
657 2836 824 2905 ferre
843 2856 1104 2928 parat-us
1123 2888 1139 2913 ,
1188 2837 1506 2906 Pontifici
1523 2841 1818 2907 maximo
1836 2863 1975 2906 rem
1992 2837 2167 2907 face-

0 2996 1 3006 1
95 2951 195 3001 ret
215 2933 577 3024 ingratam3
626 2955 700 2998 ac
719 2931 1003 3024 proinde
1020 2934 1263 3026 dignus
1281 2931 1612 3025 effet‚qui
1631 2936 1889 3026 periret.
1939 2937 2166 3003 Deum

0 3019 2 3060 l

2 3305 9 3454 l

6 3458 15 3596 l

98 3029 276 3097 enim
309 3025 459 3092 sein
479 3027 661 3094 terris
683 3028 1071 3097 Romanum
1106 3027 1507 3097 Pontificem
1540 3027 1924 3122 agnoscere3
1973 3033 2161 3119 cujus

93 3121 424 3190 voluntati
457 3122 577 3210 qui
608 3119 735 3188 sese
752 3124 991 3212 quovis
1014 3123 1224 3215 *paeto
1257 3122 1663 3217 opponeret,
1709 3148 1864 3192 eum
1881 3124 1945 3191 se
1963 3125 2155 3191 habe-

97 3242 166 3286 re
202 3209 641 3304 οίυἿοκατοίκςῖΙοι
669 3224 733 3286 &
769 3219 977 3286 exitio
1012 3218 1351 3287 devotum.
1397 3218 1717 3312 Ipfiffima
1746 3217 1963 3286 feralis
1981 3218 2166 3284 illius·

98 3313 395 3407 prodigii
430 3309 627 3379 verba
659 3310 840 3382 sunt:
889 3323 1041 3409 Papa
1056 3313 1344 3479 estNDem'
1393 3316 1467 3396 όν
1484 3314 1724 3409 Demest
1756 3328 1915 3408 Papa.
1952 3311 2167 3470 Quocll

1219 3433 1264 3478 n
1314 3432 1347 3477 2
2095 3431 2117 3472 i
2146 3447 2170 3460 -
