2678 3646
549 139 1760 218 PERIODUS‘SEPTIMAE
2066 154 2206 251 '459

132 287 273 338 tam
308 266 456 360 quis
493 266 776 335 habe-ret.
840 262 1086 333 Infelix
1121 264 1252 332 hoc
1289 266 1414 335 effe
1452 267 1763 337 Seculum
1798 270 2060 361 „quod
2092 274 2205 343 illa

120 366 446 432 :sentent-ia
465 380 599 436 tot,
638 371 713 432 ³&
733 360 1051 452 quosdam
1075 362 1413 452 praecipue
1432 409 1454 442 ‚
1499 362 1728 432 sortita
1761 363 1839 433 fit
1856 366 2205 437 assertores,

119 458 445 526 Similiter
464 475 633 547 quot
650 504 671 535 ,
717 457 936 546 inq-uit
953 505 968 529 ,
990 454 1428 525 simulationes
1447 459 1516 523 in
1535 458 1727 526 vultu
1747 507 1768 538 ,
1788 460 1970 551 gestu
1991 508 2012 540 ‚
2030 461 2200 531 aliis-

126 577 260 646 que
295 553 583 621 motibus
602 553 899 641 corporis
918 597 940 629 ,
986 552 1075 617 ita
1095 548 1556 641 utsaepissime,
1608 557 1727 643 qui
1747 555 2078 623 nonnullis
2101 581 2196 626 ar*

119 648 339 716 rident
375 645 826 739 praesentibus‚
866 645 1160 711 absentes
1180 645 1404 735 postea
1420 648 1748 716 irrideant.
1795 649 2195 742 Simplicita-

120 744 172 810 ti
208 766 409 832 porro
445 739 907 811 calliditatem,
956 737 1316 819 fallaciam3
1365 740 1713 810 sinceritati
1730 742 2182 814 adulationem

108 836 497 914 succeffiffe,
544 837 634 900 ita
671 851 744 900 ut
764 833 1137 924 complures
1157 833 1352 901 instar
1384 836 1759 904 Gnathonis
1778 838 1846 906 in
1878 840 2185 908 omnibus

110 930 308 1021 plane
345 930 430 997 ad
465 928 886 1019 quorundam
940 930 1340 1019 Magnatum
1377 930 1791 998 voluntatem
1842 932 1953 1017 seu
1991 933 2181 1003 volu·

100 1043 366 1115 ‘ptatem
402 1022 760 1112 loquantur
779 1030 842 1089 ὃς
863 1042 1059 1112 agant
1080 1068 1101 1101 ,
1147 1025 1310 1112 quin
1331 1026 1530 1090 etiam
1564 1028 1788 1091 omnia
1822 1026 2053 1097 eorum
2073 1051 2182 1120 ge-

105 1120 195 1185 sta
222 1165 240 1195 ,
288 1118 720 1188 etiamminus
742 1115 910 1181 recta
930 1118 1416 1184 commendent.
1464 1116 1688 1186 Affine
1707 1121 1862 1186 huic
1897 1121 2022 1188 effe
2057 1125 2177 1217 hy-

98 1212 429 1303 pocriseos
464 1213 722 1282 vitium,
772 1210 957 1276 Sicut
992 1211 1168 1275 enim
1204 1211 1318 1277 sub
1354 1211 1568 1300 specie
1603 1214 1868 1302 pietatis
1906 1215 2172 1284 haereses

99 1304 310 1373 ferme
347 1328 573 1372 omnes
593 1307 659 1371 in
701 1302 1054 1370 Ecclesiam
1070 1303 1356 1370 induetae
1392 1304 1577 1383 sunt,
1623 1309 1713 1373 ita
1732 1331 2005 1398 quoque
2024 1334 2169 1400 pra-

87 1422 206 1467 vas
229 1396 1012 1489 multorumc'upiditates
1031 1398 1261 1463 eadem
1283 1398 1495 1488 specie
1512 1398 1757 1493 obtegi.
1807 1422 1870 1491 5.
1909 1406 2164 1471 Pruden-

85 1502 175 1562 τίκ
198 1493 509 1586 Chrssianae
532 1517 545 1558 ε
576 1514 724 1583 quae
746 1492 952 1559 distat
971 1538 991 1570 ‚
1011 1502 1349 1580 nunquam
1370 1511 1678 1560 aeternam
1695 1495 1970 1567 salutem
1987 1500 2162 1589 post-

89 1589 458 1656 habendam
487 1588 867 1654 co-mmodis
901 1585 1299 1675 quibussibet
1334 1587 1822 1677 temporalibus
1868 1591 2026 1679 Ejus
2060 1592 2160 1660 lo-

85 1706 241 1751 cum
276 1681 530 1750 subiiffe
564 1685 846 1748 Politicam
864 1681 1197 1770 quandam
1212 1680 1422 1770 fitlsttm
1454 1704 1530 1747 ac
1548 1679 1874 1757 Ethnicam,
1908 1685 2157 1755 dictan-

81 1796 219 1845 tem
240 1826 260 1857 ,
307 1777 683 1844 dummodo
701 1777 849 1864 quis
871 1773 1303 1864 temporalem
1324 1821 1345 1852 ,
1391 1775 1497 1842 vel
1532 1774 1730 1843 status
1763 1776 2155 1849 suifelicita-

75 1890 216 1939 'tem
237 1870 606 1959 affequatur
623 1916 643 1947 ,
691 1869 937 1934 nullam
949 1869 1113 1956 juris
1134 1869 1367 1934 Divini
1386 1915 1407 1947 ,
1425 1870 1565 1935 imo
1586 1893 1705 1939 nec
1725 1873 2032 1941 naturalis
2052 1899 2150 1951 ra-

79 1968 333 2033 tionem
369 1963 734 2031 habendam
754 2011 769 2034 ‚
818 1964 906 2027 ita
928 1980 1001 2027 ut
1021 1960 1131 2026 illa
1151 1960 1228 2028 fit
1246 1964 1547 2029 omnium
1566 1966 1826 2054 prorsus
1843 1965 2146 2059 suprema

74 2058 184 2126 lex
204 2107 224 2138 ,
242 2081 444 2149 quam
463 2055 944 2146 amplectantur
975 2056 1275 2145 inprimis
1293 2055 1391 2121 illi
1413 2056 1651 2148 (horum
1669 2105 1690 2138 ‚
1708 2056 1930 2150 inquit
1947 2109 1969 2141 ,
1989 2065 2064 2132 N
2071 2064 2146 2133 B.

66 2152 171 2220 -hoc
205 2157 386 2219 Secula
403 2149 649 2217 maxim}
681 2149 920 2240 censt’tur
934 2155 1109 2244 major
1136 2161 1402 2217 numerus
1416 2200 1431 2224 ,
1478 2149 1645 2244 quim
1677 2173 1742 2219 ut
1767 2155 1840 2236 fic
1857 2155 2141 2225 Luthera-

71 2274 272 2315 norum
292 2295 312 2327 ‚
362 2245 798 2337 Calvimstarum
814 2244 961 2321 &cd
995 2245 1115 2333 qui
1150 2245 1195 2339 a&
1221 2245 1616 2334 quibusdam
1651 2246 1922 2317 Politici
1937 2253 2139 2322 etiam

64 2343 216 2434 post
238 2344 302 2410 C
307 2340 628 2409 on—cilium
646 2337 1123 2405 Tridentinum
1141 2338 1575 2430 appellantur,
1594 2342 1938 2413 Atheismo
1956 2369 2139 2416 com-

63 2438 353 2504 muniter
369 2432 597 2501 infecti
614 2469 634 2512 3
682 2431 812 2499 sive
830 2431 938 2497 hic
955 2430 1033 2499 fit
1051 2431 1162 2499 ille
1179 2480 1199 2512 ,
1235 2435 1354 2523 qui
1373 2434 1463 2502 est
1478 2434 1925 2527 insipientium
1947 2490 1962 2515 ‚
1983 2441 2130 2509 nul-

61 2530 203 2598 lum
242 2530 436 2622 plane
473 2531 696 2595 Deum
716 2572 738 2605 ‚
781 2525 890 2614 seu
924 2524 1173 2593 nullam
1204 2527 1400 2617 plane
1434 2530 1893 2622 incorpoream
1927 2558 2129 2627 agno-

50 2624 234 2692 scens
270 2623 685 2691 substantiam
704 2656 724 2699 3
771 2617 902 2685 five
935 2619 1012 2687 fit
1029 2620 1140 2686 ille
1159 2668 1180 2699 ‚
1226 2623 1346 2711 qui
1383 2623 1629 2692 dicitur
1663 2627 2121 2699 Aristotelicus

56 2721 93 2787 a
129 2717 561 2810 quibusdam,
609 2714 964 2780 admittens
998 2716 1283 2805 primam
1318 2717 1573 2786 causam
1607 2720 1834 2788 saltem
1857 2722 2118 2792 finalem

53 2837 270 2881 rerum
298 2860 317 2892 ,
358 2812 546 2878 omni
581 2808 849 2875 materia
868 2826 1193 2876 carentem
1213 2859 1227 2882 ,
1276 2833 1445 2878 curae
1465 2831 1685 2881 tame-n
1705 2839 1922 2883 rerum
1955 2817 2121 2886 infe-

47 2909 303 2974 riorum
323 2952 342 2983 ,
388 2904 498 2970 seu
533 2902 975 2969 Providentiae
1009 2922 1366 2993 expertem.
1426 2907 1565 2972 Cui
1597 2907 1929 2978 sententiae
1963 2936 2123 2981 con-

55 3024 288 3067 nexam
328 2998 419 3063 ait
452 2995 632 3062 illam
651 2997 739 3061 de
755 2996 985 3061 animae
1021 2996 1350 3064 rationalis
1382 3001 1797 3070 mortalitate.
1845 3029 1978 3095 qua
1998 3007 2126 3074 hae-

50 3093 165 3159 resi
203 3090 378 3158 nulla
398 3089 474 3157 fit
508 3087 930 3180 perniciofior
963 3089 1071 3157 vel
1105 3091 1444 3160 animabus
1483 3094 1751 3176 nostris,
1798 3100 1904 3165 vel
1925 3100 2112 3169 bonis

52 3186 361 3254 moribus.
428 3184 637 3272 Qiod
656 3230 676 3262 ,
721 3184 980 3272 inquit,
1027 3183 1335 3253 Seculum
1371 3189 1654 3279 protulit
1688 3211 1792 3260 tot
1810 3217 1892 3260 ex
1927 3199 2111 3261 omni

44 3304 283 3373 genere
317 3279 664 3369 scriptores
696 3277 783 3346 de
801 3278 1098 3346 Politicis
1118 3325 1139 3357 ‚
1183 3278 1349 3348 ficut
1383 3284 1716 3354 nostrum?
1764 3288 2110 3373 Qlosdam

1005 3372 1089 3441 M
1109 3396 1265 3441 mm
1314 3398 1347 3440 2
1954 3384 1958 3387 ⁴
2025 3405 2106 3448 ex
