2678 3646
647 148 1253 223 PER1oDus
1304 139 1709 227 SEXTA.
2058 170 2207 256 235'

124 288 336 338 verant
352 316 373 349 ,
418 272 483 337 in
514 268 709 360 excelso
730 266 909 361 pestea
943 272 1205 359 Princtpis
1227 269 1418 358 gradu
1452 273 1871 337 venerationem
1905 272 2192 374 minuff:

119 367 274 458 ipstus
308 371 458 432 vitia
492 368 698 442 majora
731 363 953 454 quidem
985 364 1169 453 quoad
1174 363 1412 453 speciem
1427 364 1594 457 finffl’
1609 361 1777 457 quam
1794 371 2040 432 virtutes
2053 416 2069 440 ,
2088 367 2202 458 std

118 456 455 552 nonsartaffl’
470 459 653 551 quoad
649 459 883 550 pondus.
933 457 1105 523 Haec
1125 457 1409 548 deJulio
1429 458 1803 526 mollissime
1824 460 2000 528 dieta
2019 460 2190 552 quid
2296 456 2298 458 ’

115 554 233 622 fibi
269 556 514 633 velint,
550 553 1052 645 perspicaciores
1088 551 1473 644 intelligunt
1509 552 1722 620 facile.
1786 555 2041 646 Neque
2075 556 2185 623 hic
2211 564 2528 644 aliique-impe}-

111 652 443 740 praeterire
477 646 736 739 poffum
772 645 1055 713 levitatis
1096 645 1442 738 (libertatem
1477 665 1674 715 vocat
1711 648 2183 742 Pallavicinus)
2206 645 2466 746 xlxix&

110 746 248 831 ejus
268 743 596 835 specimen
618 788 638 820 ,
685 741 875 830 quod
893 742 959 806 in
978 743 1113 807 vita
1133 743 1270 830 ejus
1309 741 1458 809 MS.
1482 742 1902 833 Bullingerus
1939 745 2024 812 de
2042 746 2188 836 ipso
2250 716 2282 764 g
2362 738 2370 743 ’

108 836 425 927 scriptum
464 833 911 913 circumferri,
958 834 1058 901 his
1078 835 1288 901 verbis
1326 837 1664 927 prodidit:
1719 853 1863 903 Cum
1895 840 2185 932 aliquando

106 939 285 998 exutis
318 930 554 1020 vestibus
569 980 583 1003 ,
631 930 864 1021 dtploz'de
897 930 971 1006 ὠ
1004 932 1189 1020 caltgis
1221 930 1445 996 tantum
1460 932 1686 998 indutus
1705 978 1725 1009 ,
1759 939 1822 997 in
1838 937 1963 999 aula
1981 981 2001 1013 ,
2036 935 2191 1026 quo‘d

86 1028 353 1115 ferveret
385 1026 659 1117 tempestas
675 1074 689 1097 ,
736 1022 1108 1089 obambularet
1121 1072 1137 1096 ‚
1184 1039 1466 1091 venerunt
1485 1027 1805 1092 Cardinales
1837 1029 1942 1093 duo
1961 1075 1981 1106 ,
2029 1032 2184 1094 collo-

103 1128 284 1186 cuturi
313 1147 437 1186 cum
468 1120 585 1212 ipfi
635 1121 805 1205 Qos
833 1119 936 1209 ipfi’
966 1118 1047 1184 ad
1074 1118 1349 1183 exuendas
1387 1119 1559 1207 vestes
1570 1121 1708 1207 ficas
1739 1165 1761 1197 ,
1807 1122 1880 1197 ὠ·
1915 1122 2179 1189 deambu-

101 1215 334 1280 hxndum
344 1217 535 1306 secum
568 1212 792 1305 urgebat
808 1261 823 1284 ‚
869 1235 1003 1277 mox
1034 1230 1235 1276 autem·
1253 1213 1426 1278 nudos
1457 1212 1867 1303 interrogabat:
1928 1217 2110 1303 Qia'
2132 1217 2182 1292 sl

63 1363 85 1371 i
98 1313 162 1373 in
201 1325 400 1401 Campo
434 1312 598 1374 Flora
633 1353 654 1385 ,
699 1324 797 1373 aut
830 1326 939 1398 per
955 1307 1172 1398 plateas
1204 1307 1344 1383 nudi
1356 1307 1442 1395 stc
1475 1306 1948 1374 deambularemus
1981 1359 1994 1382 ‚
2042 1300 2183 1401 qaid

97 1427 189 1468 oro
208 1407 474 1495 populum
507 1410 598 1469 exi
637 1406 824 1468 imatis
857 1401 925 1466 de
937 1398 1092 1466 nobis
1103 1400 1534 1492 judicaturum?
1580 1404 1983 1491 Responderunt
1996 1431 2018 1469 .·
2049 1404 2174 1494 Ju-

96 1498 344 1564 dicarent
361 1548 376 1571 ‚
422 1523 518 1567 nos
566 1496 663 1587 ff
712 1493 996 1562 nebulones
1013 1541 1035 1574 ,
1080 1494 1154 1572 ὠ
1204 1501 1518 1572 conjicerent
1550 1499 1611 1559 in
1644 1521 1739 1561 nos
1773 1498 1975 1564 rudera
2008 1519 2173 1591 atque

89 1594 310 1684 lapides.
359 1598 581 1684 Excepit
598 1590 850 1680 Pontifi’x
864 1617 885 1654 :
928 1600 1073 1680 Ergo
1104 1587 1254 1680 quod
1265 1615 1375 1655 non
1392 1589 1662 1656 habemur
1660 1610 1768 1681 pro
1785 1590 2137 1660 nebulonibus
2151 1644 2168 1667 ‚

30 1760 35 1762 ,
91 1689 157 1753 iol
185 1707 458 1780 acceptum
474 1687 636 1777 fierre
652 1684 906 1751 debemus
922 1685 1113 1775 nostris
1131 1684 1382 1773 vestibus.
1433 1686 1742 1771 Qantum
1758 1691 1932 1778 {gitur
1947 1734 1968 1766 ,
2003 1686 2166 1781 o'fia-

94 1800 209 1847 tres
228 1829 247 1860 ‚
294 1781 546 1847 debemus
580 1784 688 1846 illis
721 1780 911 1868 nostris
945 1777 1225 1862 vestibus?
1744 1855 1750 1860 ·
1944 1808 1948 1811 ·

187 1877 251 1941 C
276 1876 332 1941 L
355 1875 423 1943 X
447 1875 517 1940 X
540 1871 606 1942 V
628 1874 660 1938 1
682 1874 730 1938 Ι.
780 1871 970 1937 Talis
992 1871 1466 1961 Sardanapalus
1486 1872 2021 1946 reformationem
2042 1876 2167 1942 Ec·
2190 1877 2499 1954 sardan-‘radus

93 1967 296 2034 clesiae
333 1968 395 2034 se
432 1966 774 2041 meditari,
811 1964 1162 2031 restaurato
1181 2011 1202 2042 ‚
1249 1965 1504 2032 Caesare
1538 1987 1852 2059 urgente,
1899 1978 1965 2038 ὃς
1988 1974 2165 2060 jura·
2179 1945 2288 2054 ἶῖζζ
2306 1949 2502 2054 refixa

89 2082 317 2132 mento
338 2113 353 2136 ‚
401 2060 591 2152 quod
612 2058 1067 2126 Cardinalibus
1086 2081 1306 2125 recens
1325 2056 1567 2127 electus
1587 2062 1831 2130 fecerat
1848 2110 1869 2142 ‚
1920 2067 2011 2132 ita
2046 2089 2166 2156 po·
2182 2071 2412 2137 restaurat·

90 2157 365 2225 stulante
386 2194 404 2236 3
453 2154 859 2223 Tridentino
879 2152 1190 2220 Concilio
1209 2200 1231 2231 ,
1253 2155 1441 2243 quod
1460 2178 1540 2221 eo
1564 2157 1920 2225 Cardinale
1937 2159 2167 2231 adhuc

88 2252 409 2319 Bononia:
430 2249 804 2341 elanguerat
830 2296 850 2327 ,
887 2246 1169 2338 ipsomet
1186 2247 1576 2315 validiss'rme
1596 2272 2044 2343 repugnante,
2078 2278 2161 2321 ne
2218 2250 2223 2256 ’

88 2369 383 2436 unquam
403 2341 813 2412 Tridentum
850 2360 1299 2422 revocaretur3
1336 2341 1680 2412 simulavit.
1726 2345 1932 2414 Extat
1967 2346 2163 2416 Bulla

82 2442 462 2508 indistionis
484 2486 504 2518 ,
539 2439 608 2504 in
626 2461 757 2527 qua
774 2438 943 2504 inter
959 2436 1083 2502 alia
1101 2436 1163 2502 se
1184 2437 1568 2504 Concilium
1588 2489 1603 2511 ,
1655 2439 1971 2508 Calendis
1993 2444 2165 2533 Maji

85 2538 168 2606 A.
206 2564 264 2601 M.
304 2561 352 2599 ι).
397 2563 428 2599 ι
456 2558 511 2601 1-.
557 2531 1058 2610 resumendum,
1092 2531 1590 2600 moderaturum
1609 2534 1987 2625 profitetur,
2046 2561 2160 2605 au-

84 2629 608 2718 thoritatemque
624 2627 802 2694 suam
838 2625 1030 2716 supra
1070 2626 1347 2693 modum
1383 2626 1590 2696 effert.
1643 2630 1960 2721 Cumque
2002 2633 2154 2698 Cae-

84 2722 218 2801 sar,
265 2727 374 2789 cui
392 2724 546 2790 talia
566 2720 1043 2812 displicuerunt
1064 2771 1080 2797 ‚
1116 2723 1438 2789 metuenti
1474 2722 1723 2791 scilicet
1741 2772 1765 2804 ,
1796 2749 1890 2791 χηεξ
1925 2726 2154 2794 Prote-

84 2817 317 2884 stantes
338 2814 830 2900 conditionibus
851 2814 1170 2903 ejusmodi
1190 2814 1417 2882 offenfi
1437 2864 1458 2896 ,
1483 2817 1576 2884 vad
1617 2819 2007 2888 Concilium
2041 2845 2153 2889 ve-

81 2914 219 2978 nire
238 2928 659 3003 gravarentur
677 2956 698 2988 ‚
743 2907 1007 2976 Bullam
1025 2911 1313 3001 mitigari
1331 2911 1700 3002 expetiisset
1718 2961 1739 2992 ,
1760 2914 2149 3006 Oratorque

86 3006 358 3073 Caesaris
377 3004 726 3073 verborum
746 3005 1129 3071 comitatem
1147 3012 1214 3073 ὃς
1234 3003 1582 3073 blanditias
1599 3057 1614 3081 ,
1662 3008 1902 3098 quibus
1925 3009 2152 3078 Prote-

81 3101 317 3168 stantes
337 3102 422 3167 ad
445 3098 832 3167 Concilium
852 3097 1125 3195 pellici,
1159 3096 1422 3190 pellesti
1441 3102 1714 3169 dem-‘um
1754 3101 2011 3174 facilius
2048 3107 2144 3170 in-

80 3197 234 3263 strui
273 3193 517 3285 poffint
550 3231 571 3273 3
618 3192 930 3261 suasisset:
984 3192 1319 3285 respondit
1344 3194 1565 3288 ‘Papa3
1612 3200 1774 3264 Nolle
1785 3199 1852 3291 st
1885 3201 2147 3266 dimicare

76 3318 198 3357 cum
231 3289 374 3381 hoste
387 3339 403 3365 ‚
437 3310 704 3381 tanquam
738 3314 865 3357 cum
879 3288 1000 3379 fele
1028 3315 1204 3356 cavea
1219 3290 1432 3381 indust.
1480 3292 1667 3378 Qod
1681 3290 1921 3386 Christus
1939 3294 2118 3359 docuit
2134 3341 2149 3364 ,

1130 3383 1196 3452 G
1219 3406 1263 3475 g
1314 3407 1347 3450 2
1544 3400 1547 3403 “
1927 3389 2056 3475 stm
2091 3411 2150 3453 er
