2678 3646
571 156 1184 232 PERIODUS
1235 155 1737 247 QUINTA.
2031 180 2155 250 171

96 282 327 351 mortis
364 288 428 351 ὃς
468 278 774 350 Pallionis
813 279 1062 349 Christi
1097 278 1494 347 beneficium
1530 281 1597 346 in
1617 276 2171 370 dispensationes,

96 375 654 468 peregrinationes
674 423 695 455 ‚
738 375 1218 468 indulgentias,
1287 376 1389 441 uri
1407 424 1422 447 ,
1440 372 1549 440 vel
1567 375 1793 465 potius
1812 373 2165 467 impurissi-

93 474 187 537 mi
224 471 510 538 hominis
548 469 897 545 beneficia,
941 494 1024 537 an
1044 399 1361 537 veneficia
1381 487 1867 539 commutatum
1888 505 1907 549 3
1948 493 2165 562 popu-

91 565 233 633 lum
270 568 306 633 a
344 565 992 634 Christi‘merito‘ad
1017 566 1581 656 'propriamerit213
1631 566 1668 631 a
1703 563 1916 633 solido
1954 565 2165 631 crucis

99 660 349 728 Christi
381 659 688 753 praesldio
722 660 809 728 ad
833 660 1079 727 'cassam
1113 664 1394 751 Operum
1444 658 1835 725 arundinem
1871 696 1888 739 3
1939 661 1976 726 a
2013 661 2166 726 Deo

94 753 374 822 universi
411 756 728 822 Creatore
761 756 847 837 ad
881 753 1224 823 hostiolam
1267 754 1452 845 panis
1473 773 1857 821 revocatum
1877 752 2165 846 graviffi-

94 851 202 917 me
240 849 504 940 questus
526 849 633 917 est.
682 850 1041 917 Testantur
1058 850 1130 916 id
1150 846 1510 916 multifaria
1527 851 1582 937 ej
1592 871 1665 914 us
1685 847 1924 940 scripta
1944 896 1964 928 ,
1980 887 1983 891 ,
2002 848 2166 941 aJo-

90 944 305 1011 hanne
340 944 593 1013 Barlaeo
633 946 868 1013 Genio.
918 960 1279 1011 memorata
1314 941 1669 1033 plusquam
1705 943 2030 1022 ducenta,
2065 947 2163 1009 in-

92 1057 191 1107 ter
214 1063 361 1130 quae
383 1043 435 1129 ej
447 1063 518 1105 us
542 1040 1161 1106 Commentationes
1198 1038 1266 1102 de
1299 1044 1541 1103 veritate
1558 1044 1838 1129 Scriptum
1853 1088 1867 1111 ‚
1905 1040 1973 1104 de
1996 1035 2162 1103 Chri-

71 1135 162 1223 sto
197 1136 271 1212 όν·
305 1132 569 1201 Antichri
612 1142 642 1198 'o
674 1135 750 1211 ό»
782 1138 894 1225 ejus
926 1131 1193 1199 membris
1207 1178 1227 1209 ,
1274 1133 1342 1197 de
1374 1144 1519 1222 Papa
1553 1145 1796 1198 Romano
1814 1182 1828 1205 ,
1876 1134 1944 1198 de
1976 1139 2168 1225 nequi-

87 1235 183 1294 tiis
219 1229 446 1320 ejuſslem
463 1277 478 1300 ‚
525 1229 592 1292 de
628 1227 810 1319 Officio
848 1227 1112 1318 Pastorali
1145 1276 1160 1299 ‚
1206 1227 1275 1291 de
1307 1226 1737 1315 ministrorum
1774 1232 2032 1318 Conjugio
2051 1277 2066 1299 ‚
2098 1230 2167 1293 de

88 1347 197 1388 non
210 1323 539 1416 ftginandis
551 1319 920 1414 ſszcerdotibus
937 1372 952 1395 ,
999 1323 1066 1388 de
1079 1323 1400 1412 ſsducslt'ane
1410 1321 1748 1412 stmplicium
1769 1367 1789 1400 ,
1832 1322 1900 1388 de
1932 1323 2161 1413 impedi-

88 1424 291 1484 mentis
327 1421 854 1509 Euangelizantiam
873 1464 893 1495 ‚
939 1417 1008 1483 de
1041 1416 1400 1509 amplexando
1419 1418 1716 1507 Euangelio
1732 1465 1748 1487 ‚
1798 1417 1866 1481 de
1880 1416 1981 1506 fal
1996 1422 2163 1482 atari-

88 1511 184 1578 bus
217 1518 447 1580 Divinae
500 1519 660 1604 Legis
691 1563 706 1587 ,
754 1514 821 1579 de
855 1517 961 1577 otio
995 1518 1059 1577 in
1092 1512 1444 1577 mendicitate
1479 1557 1499 1588 ,
1546 1513 1615 1576 de
1646 1514 1845 1578 ultima
1878 1514 2032 1578 aetate
2064 1524 2163 1579 Ec-

87 1609 276 1699 Clssssi
324 1615 388 1673 in
420 1610 715 1674 Danielem
750 1607 824 1684 ὠ·
857 1606 1201 1698 Apocalypffin·
1212 1653 1233 1684 ,
1279 1607 1347 1671 de
1361 1606 1483 1694 fide
1498 1601 1837 1698 Eucharist'iae
1855 1656 1870 1679 ,
1891 1614 2015 1675 &Q
2054 1607 2165 1673 de-

89 1701 667 1769 monstrationibus
703 1702 1028 1792 ejusmodi
1064 1699 1275 1792 plenae
1311 1700 1475 1767 sunt.
1537 1699 1627 1767 Et
1680 1702 2163 1792 compendium

94 1797 410 1864 dostrinae
444 1799 582 1886 ejus
620 1815 767 1863 tum
787 1797 1092 1863 Thomas
1115 1793 1655 1886 Walfinghamus
1679 1795 2066 1865 Pontificius
2102 1821 2166 1861 a-

88 1892 236 1981 pud
254 1891 592 1958 Bzovium
613 1891 700 1955 ad
736 1892 815 1957 A.
854 1918 895 1954 M
917 1912 951 1953 c
973 1912 1008 1956 c
1030 1912 1065 1953 c
1089 1918 1117 1953 1.
1137 1912 1182 1955 x
1200 1911 1244 1954 x
1261 1912 1344 1954 v.1
1368 1912 1419 1954 1.
1470 1909 1615 1956 tum
1658 1890 2027 1981 Catalogus
2064 1909 2160 1957 te-

24 1988 27 1990 ’
88 1986 285 2054 stium
304 1985 595 2052 veritatis
618 2030 638 2061 ,
657 1982 902 2073 aliique
923 1984 1122 2048 etiam
1144 1983 1432 2048 texuere.
1485 1984 1590 2049 Ut
1606 1984 1767 2049 vero
1785 1984 2160 2074 susceptum

5 2107 10 2110 *
89 2082 221 2149 Dei
239 2102 410 2171 opus
430 2095 854 2170 promoveret
875 2074 1133 2142 felicius
1157 2123 1177 2154 ,
1224 2077 1422 2142 etiam
1459 2076 1520 2142 S.
1543 2076 1757 2143 Biblia
1775 2080 1843 2145 in
1865 2078 2162 2170 linguam

93 2174 511 2243 vernaculam
549 2171 890 2240 transtulit.
937 2170 1016 2236 In
1038 2169 1560 2237 Praelestionibus
1597 2179 1660 2241 &
1701 2172 2163 2240 Concionibus

89 2270 435 2338 ordinariis
473 2268 737 2335 Oxonii
774 2265 1011 2332 habi-tis
1047 2262 1340 2331 frontem
1374 2288 1620 2332 aeneam
1655 2286 1884 2334 contra
1925 2266 2165 2335 effron-

90 2385 227 2431 tem
264 2363 673 2432 meretricem
712 2408 732 2439 ,
774 2369 845 2430 ὃς
880 2359 1109 2450 peetus
1144 2360 1640 2427 adamantinum
1678 2381 1904 2430 contra
1957 2365 2163 2431 totius

95 2458 277 2529 Cleri
299 2461 628 2549 impetum
664 2456 936 2522 indutus
957 2502 978 2532 ,
1029 2457 1098 2521 in
1134 2454 1350 2544 ipsum
1372 2455 1582 2546 Regis
1601 2454 1900 2525 Eduardi
1936 2473 2161 2525 aurem

94 2556 356 2621 intonat
379 2600 400 2631 ,
434 2551 962 2643 magnorumque
997 2550 1197 2616 etiam
1231 2550 1559 2623 virorum,
1596 2553 1716 2640 qui
1751 2551 1881 2619 five
1915 2551 2159 2630 literis,

96 2646 233 2713 ssve
260 2647 455 2714 armis
493 2644 853 2722 florebant,
886 2645 1140 2711 animos
1160 2663 1542 2711 commovet
1577 2653 1643 2714 ὃς
1680 2646 2018 2738 percellit,
2063 2665 2158 2716 at-

94 2762 228 2829 que
261 2741 335 2807 id
369 2741 660 2830 denique
694 2737 914 2806 labore
964 2746 1031 2807 &
1084 2737 1235 2805 zelo
1269 2738 1386 2806 suo
1422 2735 1630 2807 efficit
1663 2790 1685 2821 ,
1737 2761 1813 2811 ut
1845 2748 2082 2814 veritas
2121 2752 2159 2816 a

97 2832 527 2926 Magnatibus
561 2835 760 2901 etiam
796 2879 816 2911 ,
860 2831 1141 2923 ipsoque
1176 2832 1371 2926 Rege
1402 2836 1471 2900 in
1508 2835 1924 2908 Parlamento
1943 2842 2165 2911 decer-

95 2947 332 3006 mente,
378 2951 461 2995 ne
478 2927 797 3019 Episcopi
815 2927 1107 2994 Romam
1125 2927 1410 3019 amplius
1429 2930 1687 2998 adirent
1705 2945 1746 3012 3·
1770 2933 1859 3001 de
1892 2960 2032 3027 quo
2067 2941 2165 3005 vi-

98 3023 354 3090 dendus
375 3021 618 3093 Paulus
638 3020 1011 3089 Waldenfis
1030 3023 1187 3115 Epss.
1202 3024 1280 3090 ad
1294 3037 1479 3091 Mart.
1498 3035 1555 3091 V.
1577 3028 1774 3095 avide
1794 3053 1877 3097 ex
1894 3056 2008 3099 ore
2026 3037 2079 3123 ej
2088 3059 2163 3100 us

0 3173 1 3177 ,
94 3118 438 3197 audiatur,
473 3116 894 3209 suscipiatur,
928 3116 1307 3208 multosque
1322 3142 1524 3187 annos
1543 3118 1825 3191 feliciter
1841 3126 2165 3217 personet3

96 3213 265 3279 adeo
302 3213 580 3303 quidem
608 3231 690 3280 ut
723 3211 946 3279 lumen
983 3213 1332 3304 Euangelii
1365 3217 1503 3305 ejus
1523 3222 2125 3309 operasreviviscens
2144 3270 2165 3300 ,

99 3307 317 3375 nullus
354 3307 596 3377 exinde
627 3325 862 3386 ventus
879 3355 903 3408 ³
949 3306 1146 3377 turbo
1146 3308 1400 3471 Ynulhw
1437 3313 1821 3405 extinguere
1853 3317 2167 3410 potuerit.

910 3415 912 3419 '
1268 3428 1298 3470 2
1801 3474 1808 3482 .
2077 3411 2167 3477 Et
