2678 3646
528 48 1145 162 PERioDUS
1196 69 1777 178 QUARTAJ
1954 85 1956 87 ’
2054 124 2141 194 97

7 201 14 207 ⁴
63 214 354 284 tionibus
376 212 764 302 Principum
782 207 1355 299 subjestorumque
1372 211 1638 302 opibuS,
1657 213 1939 304 impares
1958 218 2137 310 post-

64 311 188 379 hac
208 309 424 378 essent.
449 305 841 374 Immensam
861 305 1059 370 etiam
1079 307 1512 396 pecuniarum
1530 310 1669 374 vim
1688 311 1973 379 cruciata
1996 312 2136 381 haec

65 406 304 473 militia
342 401 778 472 Pontificibus
816 398 1214 466 conciliavit.
1306 402 1512 469 Certe
1550 411 1891 472 Innocentius
1945 418 2096 502 Papa
2118 458 2137 488 ,

62 503 155 568 ita
177 499 540 568 Matthaeus
564 497 740 564 Paris
760 541 781 574 2
840 494 1216 562 Monachus
1237 495 1617 566 Albanenfis
1637 548 1658 579 ,
1695 500 1954 593 Anglus
1973 550 1995 582 ,
2030 513 2139 571 Hi-

40 599 183 684 stor.
220 602 428 687 Major.
456 616 589 688 pag.
633 615 788 658 200.
827 588 1158 680 loquitur,
1206 592 1282 657 ad
1313 595 1708 685 expeditionem
1725 616 1882 664 terrae
1894 600 2101 689 stinci'ae
2122 652 2136 673 ‚

60 712 126 757 ut
142 694 287 757 dixit
305 739 324 770 ,
370 692 447 756 ad
459 687 836 760 occultandam
849 687 1019 777 suam
1035 693 1349 753 avaritiam
1365 739 1379 762 ‚
1442 692 1723 778 infinitam
1746 701 2037 788 pecuniam
2069 694 2139 762 ab

61 788 255 853 ordine
277 785 606 880 Cisterciensi
635 802 955 874 extorquere
972 784 1267 874 proposttit.
1359 785 1579 853 Addit
1598 834 1619 865 ,
1667 789 1704 853 εἰ
1739 787 1814 854 Β.
1851 790 2135 882 Virgine

61 901 444 973 correptum
462 880 542 946 ab
562 878 902 945 exafitione
922 875 1175 942 cessass'e
1195 923 1214 953 ,
1260 878 1500 965 timore
1535 882 1928 971 percuffum.
1996 899 2126 978 Pag.

61 998 96 1064 7
109 1001 148 1042 o
163 997 219 1064 7.
241 995 453 1044 narrat
470 975 649 1041 idem
671 1021 690 1051 ‚
738 994 931 1038 cruce
946 968 1232 1060 fignatos
1250 975 1396 1039 Voti
1413 977 1817 1064 poenitentes
1836 1003 1970 1046 non
1992 1005 2134 1048 mo-

57 1073 210 1139 dica
227 1072 524 1162 pecuniae
543 1069 793 1134 summa
812 1083 1050 1132 votum
1070 1065 1389 1133 redimere
1409 1069 1671 1136 coastos
1692 1070 1898 1140 fuisse.
1961 1076 2132 1143 Non

46 1164 363 1233 omnibus
382 1164 620 1229 licebat
639 1163 732 1228 ire
751 1163 819 1229 in
857 1160 1375 1250 expeditionem.
1469 1165 1724 1255 Neque
1756 1186 1976 1236 tamen
1996 1165 2133 1238 ma-

54 1279 280 1327 nentes
319 1260 506 1326 domi
525 1280 739 1325 carere
758 1255 1129 1322 debuerunt
1165 1254 1288 1322 hac
1309 1257 1719 1349 persuasione
1737 1261 1864 1329 suae
1884 1264 2126 1333 salutis,

32 1356 163 1422 -Ut
181 1340 386 1448 igitur
421 1349 1188 1446 indulgentiarum&illi
1207 1355 1567 1445 participes
1603 1354 1836 1425 fierent
1859 1411 1876 1437 ‚
1923 1383 2126 1450 pecu-

52 1452 229 1517 niam
266 1449 621 1542 erogabant
646 1496 659 1519 ,
710 1446 1126 1539 exigentibus
1163 1447 1610 1517 insatiabiliter
1643 1451 2126 1524 Ecclefiasticis.

54 1546 477 1637 Cognoscere
494 1544 568 1611 id
601 1543 756 1611 licet
776 1565 858 1609 ex
893 1542 1133 1610 eodem
1168 1544 1502 1612 Matthaeo
1540 1546 1720 1614 Paris
1740 1586 1758 1628 3
1807 1552 1994 1639 cujus
2029 1553 2126 1619 in-

49 1659 150 1709 ter
166 1640 290 1707 alia
310 1662 439 1733 pag.
470 1642 624 1729 388.
664 1639 834 1707 Haec
853 1638 1050 1706 verba
1067 1638 1249 1707 sunt:
1300 1650 1426 1706 Hac
1475 1640 1513 1733 ζ
1531 1643 1569 1709 a
1588 1642 1920 1736 Gregorio
1942 1647 2124 1739 Papa

49 1736 136 1803 de
155 1738 426 1827 negotio
446 1736 656 1801 crucis
678 1732 1091 1825 perscripta)
1141 1733 1265 1800 cum
1282 1755 1391 1826 per
1412 1734 1849 1828 Christianorum
1867 1743 2091 1809 climata
2108 1794 2122 1816 ‚

35 1831 298 1923 praecipue
318 1851 424 1920 per
457 1834 725 1920 Angliam
764 1826 967 1915 Christi
1016 1828 1257 1902 fidelibus
1288 1832 1678 1921 innotesterent
1697 1882 1717 1913 ,
1763 1835 1838 1912 &³
1870 1838 2128 1904 Praedica-

49 1931 124 1993 tio
145 1945 254 2016 per
286 1925 572 1998 Prolatos,
618 1922 863 1987 maxime
881 1942 987 2012 per
1002 1921 1218 2009 fratres
1256 1926 1639 1994 Praedicatores
1655 1975 1677 2005 ,
1742 1930 1816 2005 (y
1867 1931 2126 1999 Minores

36 2022 202 2113 fieret
221 2066 241 2099 ,
286 2017 481 2111 quibus
497 2017 629 2083 data
646 2015 771 2105 ficit
787 2016 1019 2107 poteslas
1034 2042 1187 2083 cruce
1201 2017 1468 2108 fignandi
1495 2069 1510 2092 ,
1558 2021 1633 2098 (ῤ’
1666 2041 1868 2087 votnm
1886 2026 2121 2118 dutape-

51 2120 214 2182 cunia
264 2110 548 2205 (confer
566 2133 717 2202 pag.
745 2107 956 2202 346.)
1005 2113 1326 2185 relaxandi,
1353 2114 1468 2204 sest
1499 2119 1695 2189 multi,
1743 2142 1978 2209 qnorum
2012 2147 2125 2187 non

51 2230 173 2277 erat
205 2198 464 2275 numerus
480 2258 494 2281 ‚
542 2231 695 2272 cruce
713 2205 1101 2298 fignaverunt.
1198 2208 1303 2272 Sed
1335 2206 1436 2273 cito
1452 2215 1511 2276 in
1527 2230 1749 2277 tantam
1764 2210 2124 2291 nobilitatem,

54 2331 124 2371 ne
158 2306 340 2370 dicam
377 2355 394 2380 ,
455 2307 834 2393 arrogantiam
882 2300 1249 2368 elevabantur
1282 2305 1655 2373 Praedicatores
1671 2357 1686 2379 ‚
1732 2311 2087 2403 Minore'sque
2104 2360 2126 2392 ,

54 2405 151 2491 qui
164 2400 527 2490 spontaneam
548 2409 930 2489 paupertatem
964 2424 1088 2463 cum
1123 2394 1441 2464 humilitate
1474 2404 1750 2493 elegerunt
1782 2453 1796 2476 ‚
1862 2425 1925 2470 ut
1960 2413 2126 2498 recipi

53 2513 313 2561 curarent
329 2499 391 2558 in
423 2489 665 2579 caenobiis
681 2490 755 2568 ἄν
770 2491 1092 2558 civitatibus
1108 2498 1170 2559 in
1190 2493 1514 2588 proceſjione
1526 2498 1749 2587 filenni
1781 2548 1795 2571 ‚
1842 2505 1904 2564 in
1938 2504 2125 2568 vexil-

55 2590 124 2653 lis
142 2636 162 2667 ,
181 2594 342 2655 cereis
359 2586 580 2675 accensis
595 2636 609 2659 ‚
658 2586 730 2664 ὠ
747 2592 809 2653 in
824 2587 1144 2679 disposttione
1177 2589 1491 2680 vestimenti
1518 2591 1747 2681 festivis
1761 2594 2086 2661 indutorum
2104 2647 2120 2671 ‚

58 2681 134 2757 ὠ
166 2683 450 2772 concessum
467 2682 537 2771 est
554 2686 626 2747 eis
661 2687 891 2748 veniam
908 2686 1211 2749 multorum
1244 2685 1461 2751 dierum
1474 2688 1596 2776 fitis
1630 2689 1874 2780 conferre
1906 2692 2121 2758 audito-

58 2773 211 2841 ribus
227 2826 242 2849 ,
268 2766 613 2868 signatisque
646 2773 835 2850 hodie,
881 2804 998 2844 cras
1025 2778 1162 2845 ,data
1182 2787 1418 2871 pecunia
1452 2779 1485 2846 ci
1518 2790 1686 2851 crucis
1722 2803 1857 2874 voto
1875 2783 2119 2876 absolve-

57 2890 206 2935 runt.
296 2869 583 2963 Parvo'que
632 2889 868 2964 tempore
906 2875 1216 2960 fitccedente
1232 2926 1247 2948 ,
1276 2876 1438 2966 facta
1472 2877 1540 2965 est
1556 2897 1713 2945 tanta
1731 2873 2088 2948 commutatio
2110 2935 2122 2953 ‚

58 2983 180 3031 tam
196 2967 552 3056 multiformis
570 2973 807 3057 pecuniae
827 2972 1034 3035 exactio
1052 3017 1073 3048 ,
1120 2996 1214 3036 nec
1268 2977 1367 3037 ciri
1389 2992 1611 3064 poterat
1627 3025 1642 3048 ‚
1689 2981 1752 3041 in
1786 2999 1956 3067 quam
1973 2978 2117 3069 abff-

36 3060 175 3148 stim
193 3079 351 3127 tanta
369 3056 604 3153 pecunia
623 3108 643 3139 ,
687 3087 797 3155 quae
817 3084 923 3156 per
956 3067 1176 3157 Papales
1209 3080 1586 3135 Procuratores
1620 3070 1965 3163 colligebatur
1983 3119 2002 3149 s
2048 3075 2120 3162 cst

57 3155 296 3246 demetfi
312 3206 327 3229 ,
374 3153 521 3248 quod
534 3156 788 3242 fidelium
819 3164 957 3226 circa
988 3168 1265 3252 negotium
1284 3169 1467 3229 ‘crucis
1497 3172 1667 3257 tepuit
1702 3213 1723 3244 ,
1786 3164 1897 3232 imo
1932 3166 2118 3257 potius

56 3246 297 3319 charitas
328 3252 555 3343 refrixit
579 3256 867 3343 generalis.
959 3256 1106 3322 Vnde
1138 3263 1416 3350 negotium
1452 3278 1607 3329 terra
1604 3262 1805 3353 ſstni'lae
1826 3284 2117 3352 nunquam

1155 3354 1233 3420 N
1979 3356 2132 3445 felix
