2678 3646
555 147 1174 225 mam-onus
1223 148 1766 228 SEPTIMA.
2061 175 2206 245 297

131 295 318 344 mum
351 283 655 341 revocata
672 269 1065 361 magnitudo
1085 267 1391 338 facinoris
1412 274 1706 352 metum,
1744 268 2153 362 ‚prolationes
2174 323 2195 352 ‚

120 369 378 455 diversa
411 368 745 435 interdum
756 362 1026 444 consilia
1042 363 1205 431 solet
1221 363 1450 432 afferre
1469 391 1482 433 :
1533 375 1599 435 δε
1616 368 1839 434 omnia
1856 366 2185 434 inconsul-

126 466 182 532 ti
201 467 489 554 impetus
510 480 734 552 coepta
752 506 774 538 ,
816 460 1020 525 initiis
1039 458 1257 525 valida
1276 505 1298 537 ,
1342 459 1554 550 spatib
1588 460 1999 552 languescere
2024 484 2185 530 con-

124 557 495 625 sueverunt.
544 556 657 622 Isti
673 558 984 645 vere-nen
1018 554 1287 644 repente
1306 600 1327 631 ‚
1375 577 1589 644 neque
1608 555 1884 628 temere,
1916 555 2028 621 sed
2046 545 2186 621 des.-

109 648 631 729 -sstinatoconsilio,
660 647 1088 738 parricidium
1124 648 1252 713 hoc
1271 646 1717 739 susceperunt:
1772 648 1968 715 semel
1985 648 2188 716 susce-

116 764 323 834 ptum
334 748 484 834 jugi
502 743 931 810 meditatione
950 760 1400 808 concoxerunt
1419 788 1440 819 ,
1487 750 1551 810 ὃ(
1570 744 1657 809 ad
1672 742 1940 809 consum
1950 746 2184 811 matio-

126 862 278 904 nem
299 839 470 904 illius
490 836 858 929 cupiditate
891 834 1140 901 summa
1157 835 1561 908 anhelantes,
1604 837 1938 928 integrum
1975 836 2183 905 ferme

117 935 477 1015 triennium
512 935 580 998 in
632 949 810 1000 tanta
860 931 1268 999 immanitate
1301 928 1636 997 obfirmati
1674 977 1692 1008 ‚
1755 934 2175 999 duraverunt.

125 1025 312 1093 Tum
331 1046 552 1093 autem
586 1048 734 1113 quae
753 1026 1180 1113 comparatio,
1200 1019 1619 1114 Imperatoris
1651 1025 1978 1115 Pagani&
1998 1041 2178 1094 men-

117 1139 189 1186 te
208 1123 388 1210 capti
408 1167 428 1197 ,
447 1143 598 1185 cum
619 1118 862 1208 optimi
883 1117 1089 1207 Regis
1106 1115 1382 1182 subditis
1405 1140 1418 1180 :
1443 1140 1599 1182 cum
1622 1118 1997 1185 hominibus
2016 1164 2037 1197 ,
2057 1121 2179 1209 qui

120 1214 183 1279 se
221 1214 626 1281 Christianos
658 1259 681 1289 ,
727 1211 846 1300 qui
894 1209 1283 1276 Catholicos
1318 1210 1452 1274 dici
1487 1210 1845 1299 haberique
1894 1212 2174 1280 vellent:

116 1308 408 1397 denique
442 1330 594 1373 cum
613 1305 899 1371 salutaris
918 1304 1230 1370 doetrinae
1254 1302 1500 1370 Christi
1516 1305 1930 1394 ,praeconibus
1949 1353 1971 1385 ‚
2017 1330 2176 1397 qua-

114 1399 206 1467 les
222 1481 225 1484 Ι
232 1403 274 1494 J
284 1402 499 1469 esuitae
527 1400 756 1466 haberi
775 1398 1011 1473 volunt
1031 1408 1052 1462 ?
1257 1441 1270 1447 „

212 1502 265 1562 C
294 1504 352 1563 C
375 1496 447 1562 X
467 1496 500 1562 Ι
521 1495 624 1560 Ι.Ι.
674 1494 860 1560 Nam
880 1492 1073 1581 qued
1087 1490 1228 1557 haec
1248 1492 1411 1560 nihil
1428 1494 1515 1561 ad
1534 1493 1862 1584 Papatus',
1906 1495 2072 1562 nihil
2090 1497 2176 1563 ad
2228 1500 2446 1564 Ecslt’stw

109 1588 414 1656 Ecclefiae
452 1591 773 1669 Romanae
811 1587 1144 1652 historiam
1177 1590 1451 1654 attinere
1485 1635 1506 1666 ,
1571 1609 1865 1678 regerent
1902 1588 2169 1656 forsitan

2197 1573 2431 1614 Romanam

2189 1644 2263 1691 per
2274 1636 2465 1691 Jesuttat

102 1681 236 1756 illis,
283 1684 401 1772 qui
420 1683 585 1748 tanti
603 1681 891 1747 criminis
910 1679 1249 1763 infamiam
1267 1682 1351 1747 ab
1370 1681 1795 1771 ea'abstersam
1807 1704 2133 1773 cuperent
2151 1721 2170 1764 3
2192 1698 2508 1771 cqrfflratt‘omk

105 1775 236 1844 hoc
289 1801 424 1843 uno
460 1773 898 1841 efficacissime
930 1772 1322 1840 refelluntur
1352 1819 1376 1852 ,
1437 1776 1628 1864 qued
1663 1780 1976 1842 teterimae
2014 1778 2167 1844 huic

2191 1778 2278 1819 estes
2297 1761 2477 1822 partici-

2181 1839 2273 1887 pem
2290 1828 2447 1891 suff,

103 1870 543 1957 conjurationi
577 1869 917 1932 immixtos
954 1863 1142 1931 fuisse
1168 1865 1494 1968 'professos
1533 1868 1838 1936 Sodalitii
1863 1871 2020 1962 Jesu
2043 1873 2164 1938 Pa·
2181 1891 2403 1953 probatur.

103 1981 232 2031 tres
254 2010 272 2041 ‚
337 1959 705 2045 Pontificiae
742 1959 1211 2025 dominationis
1263 1960 1686 2027 instrumenta
1721 1972 1785 2031 ὃς
1820 1963 2125 2032 satellites
2143 2013 2166 2046 ,

105 2055 647 2143 Pontificumque
666 2053 956 2142 ipsorum
976 2054 1302 2144 mancipia
1337 2053 1665 2142 νὼςὸσποςα.
1683 2104 1703 2134 ,
1726 2081 2064 2148 nunquam
2083 2083 2167 2128 eo

105 2153 375 2219 nomine
410 2152 445 2217 a
466 2148 673 2216 Paulo
698 2147 782 2216 V.
802 2148 920 2236 qui
952 2170 1032 2213 eo
1050 2166 1350 2237 tempore
1369 2174 1583 2216 rerum
1619 2152 2035 2241 potiebatur,
2055 2153 2165 2222 vel

99 2243 518 2336 reprehensos
557 2290 579 2321 ,
640 2240 747 2307 vel
782 2242 1190 2315 admonitos,
1254 2243 1499 2310 nedum
1535 2245 1879 2313 damnatos
1912 2294 1936 2327 ,
1982 2267 2165 2316 certo

99 2340 338 2405 certius
358 2337 464 2404 est.
515 2336 840 2423 Quamvis
875 2336 1050 2400 enim
1087 2335 1215 2401 hoc
1253 2336 1598 2404 hominum
1636 2363 1882 2430 genus,
1923 2362 2164 2432 poten·-

99 2433 275 2499 tibus
296 2430 582 2499 infidum
601 2477 621 2508 ‚
667 2427 852 2495 solita
870 2475 892 2507 ‚
937 2427 1048 2494 sed
1068 2452 1198 2495 non
1219 2429 1422 2497 solida
1444 2431 1575 2498 fide
1592 2483 1610 2506 ,
1632 2433 1972 2525 ferreaque
1989 2438 2161 2504 ade&

95 2525 358 2605 fronte,
403 2546 784 2615 quenquam
821 2521 999 2587 esuae
1020 2522 1365 2591 Societatis
1402 2525 1703 2594 Patribus
1739 2529 2165 2620 conspiratio-

100 2624 169 2687 ni
205 2622 359 2688 huic
395 2616 842 2694 intervenisse,
889 2634 1116 2707 negat:
1166 2616 1488 2692 sitamen'‚
1535 2640 1738 2711 prout
1773 2624 2159 2715 prosperum

95 2738 172 2781 ac
211 2714 368 2780 felix
389 2713 591 2780 scelus
625 2712 833 2799 virtus
853 2728 1163 2789 vocatur,
1208 2735 1304 2779 res
1326 2712 1489 2780 bene
1522 2715 1792 2783 ceffiffet
1810 2763 1831 2794 ,
1878 2718 2165 2809 Ignatia-

97 2831 180 2875 na
216 2807 353 2872 haec
390 2806 678 2894 vereque
714 2806 901 2894 ignea
944 2803 1271 2891 Societaq5
1316 2809 1587 2899 igneum
1623 2810 1831 2879 isthoc
1864 2835 1941 2877 ac
1978 2813 2160 2879 nefa-

96 2904 264 2969 rium
287 2898 490 2984 scelus
511 2946 531 2977 ‚
560 2898 764 2988 -quod
798 2896 933 2987 ipsa
952 2900 1286 2990 praecipue
1323 2902 1695 2971 machinata
1711 2904 1802 2972 est
1820 2952 1842 2984 ,
1887 2930 2020 2972 non
2035 2906 2157 2975 sibi
2202 2962 2209 2971 .

95 2994 305 3081 mod&
324 2994 730 3065 vendicaret,
777 2991 890 3057 sed
922 2991 1337 3085 summopere
1370 2995 1633 3088 insuper
1663 2999 2158 3090 depraedicaret.

0 3110 10 3125 ·
92 3091 314 3180 Nunc,
335 3087 493 3154 ver&
512 3085 934 3176 vulpeculam
953 3085 1135 3173 istam
1156 3090 1452 3157 imitatur
1471 3140 1486 3165 ,
1530 3115 1679 3181 quae
1696 3095 1782 3160 ad
1801 3086 2149 3164 sublimem

93 3206 287 3250 uvam
313 3229 331 3259 ‚
377 3205 577 3271 quam
597 3180 835 3246 devite
868 3179 1354 3271 dependentem
1390 3185 1763 3277 conspicata
1782 3208 1917 3256 erat
1937 3237 1957 3267 ‚
2004 3189 2149 3255 sub-

0 3343 2 3378 {
28 3322 32 3323 f
89 3270 243 3346 siliit
259 3278 499 3345 iterum
515 3295 717 3367 atque
734 3276 973 3343 iterum
990 3323 1013 3375 ³.
1058 3300 1286 3344 omnes
1304 3280 1471 3349 vires
1490 3285 1786 3375 corporis
1803 3283 2146 3359 adliiben3‚

1149 3369 1309 3465 Pp„
2097 3374 2145 3457 fi
