2678 3646
551 136 1172 219 FERIODUS
1219 140 1766 216 SEPTI‘MA}
2066 153 2221 243 293³

123 267 424 344 Comitia
442 266 512 336 in
531 266 967 339 Februarium
984 264 1369 359 sequentem
1388 266 1470 335 A.
1490 292 1551 332 M.
1572 290 1626 333 n.
1643 286 1700 332 c.
1721 286 1786 332 v.
1805 261 2039 356 rejecta
2058 262 2201 330 fue-

115 386 281 441 rant.
331 366 575 439 Medio
593 384 897 461 tempore
930 364 1239 437 Thomas
1259 359 1455 437 Bates
1472 407 1512 444 ,η
1545 357 1869 430 Catisbeii
1890 358 2206 459 famuiuS,

116 467 326 536 homo
345 488 545 533 manu
580 482 937 557 promptus
956 511 978 545 ,
1025 471 1092 534 ὃς
1128 465 1236 531 cui
1275 462 1564 532 multum
1603 463 1796 532 herus
1832 463 2163 533 tribuebat
2180 510 2228 544 ,,

118 586 201 630 ex
239 560 610 654 suspicione
627 562 697 627 in
731 557 890 628 fasti
909 558 1379 628 conscientiam
1396 558 1633 627 ascitus
1651 610 1667 634 ‚
1715 563 1871 627 cum
1890 561 2085 629 initio
2105 562 2202 628 rei

115 659 465 726 atrocitate
484 657 857 749 permoveri
873 656 1212 724 videretur
1229 702 1250 736 ,
1268 654 1689 748 adJesuitam
1707 654 2203 736 Tesmundum‚

114 754 319 844 qui&
342 750 754 819 Grenwellus
775 752 1136 820 vocabatur
1153 798 1175 831 ,
1222 750 1516 819 remissus
1536 798 1558 830 ‚
1605 759 1672 821 &
1690 750 1771 817 ab
1791 750 2029 818 eodem
2049 775 2197 843 per-

113 847 329 915 suasus
350 895 371 927 ,
418 870 494 913 ac
511 848 604 914 rei
621 849 876 915 merito.
897 846 1346 915 demonstrato
1364 847 1450 915 ad
1469 848 1933 915 executionem
1951 848 2197 914 mirum

114 944 184 1010 in
220 942 503 1010 modum
538 941 967 1009 confirmatus
1021 941 1130 1009 est.
1197 941 1428 1011 Postea
1464 941 1804 1032 Robertus
1841 940 2043 1015 Keies
2062 989 2084 1022 ,
2132 951 2201 1012 &

114 1037 265 1128 post
284 1061 437 1104 eum
457 1036 841 1105 Ambrosius
863 1036 1311 1104 Rookwodus
1329 1086 1344 1110 ‚
1364 1100 1370 1105 ,
1392 1037 1808 1129 &Johannes
1829 1037 2195 1104 Grauntius

112 1131 364 1200 consilii
386 1133 743 1222 participes
765 1128 923 1197 faffi
940 1130 1106 1197 sunt.
1156 1130 1528 1198 Decembre
1546 1132 1627 1198 A.
1648 1158 1707 1197 M.
1725 1156 1779 1195 n.
1802 1153 1855 1196 c.
1882 1155 1907 1196 1
1924 1154 2001 1197 .v.
2022 1155 2195 1222 opus
2221 1181 2223 1184 ψ

112 1219 601 1295 subterraneum
622 1225 1011 1293 inchoatum
1031 1224 1122 1291 est
1142 1270 1163 1303 ‚
1202 1223 1697 1316 Christophoro
1721 1224 2073 1317 Wrigthio
2091 1272 2112 1304 ,
2132 1233 2200 1295 &

110 1321 319 1414 paulo
361 1320 510 1412 post
545 1320 853 1388 Roberto
876 1319 1192 1386 Wintero
1211 1366 1232 1399 ‚
1279 1318 1572 1387 Thom'ae
1593 1316 1793 1386 fratre
1810 1369 1826 1393 ‚
1844 1316 1913 1405 in
1931 1319 2203 1388 societa-

109 1434 245 1484 tem
267 1415 618 1507 assumpto.
670 1414 859 1507 Saepe
877 1412 1239 1484 intermisso
1258 1461 1279 1493 ,
1297 1413 1468 1506 saepe
1485 1415 1774 1505 repetito
1793 1437 1997 1506 opere
2014 1461 2036 1495 ,
2055 1433 2198 1483 tan-

110 1510 268 1579 dem
304 1510 652 1579 cuniculus
687 1510 776 1578 ad
813 1510 1039 1577 Curiae
1074 1532 1344 1577 murum
1380 1507 1743 1602 perductus
1768 1505 1985 1577 fuerat
2004 1546 2025 1591 3
2074 1510 2192 1579 ubi

107 1628 282 1694 nova
316 1605 380 1672 se
397 1602 757 1673 difficultas
777 1650 800 1683 ,
845 1603 1130 1673 ob‘muri
1146 1605 1465 1672 duritiem
1486 1650 1507 1683 ,
1553 1611 1620 1675 &
1655 1605 1859 1672 trium
1888 1604 2219 1673 ulnarum.
2321 1607 2324 1609 ’

106 1698 453 1767 craffitiem
475 1747 495 1779 ,
513 1698 576 1765 se
594 1697 916 1767 offerebat
932 1747 954 1778 ,
974 1701 1204 1790 paucis
1227 1698 1459 1766 diebus
1478 1699 1566 1766 ad
1584 1698 1888 1766 Comitia
1905 1699 2194 1768 restanti-

107 1794 245 1860 bu&
285 1794 442 1886 Jam
483 1795 842 1883 pertinacia
887 1795 1346 1882 operariorum
1382 1794 1681 1859 medium
1719 1816 1983 1861 murum
2021 1817 2195 1884 pene

105 1888 491 1979 pertuderat
509 1933 531 1964 ,
579 1894 643 1954 &
665 1909 799 1951 non
819 1884 1284 1952 deficientibus
1302 1888 1534 1952 animis
1554 1885 1769 1952 solum
1788 1905 2053 1978 tempus
2075 1888 2189 1955 de-

105 1979 412 2048 futurum
448 1979 800 2046 videbatur
821 2025 835 2050 ,
887 1981 1042 2046 cum
1065 1978 1368 2046 Comitia
1402 1982 1471 2046 in
1509 1979 1877 2048 Octobrem
1898 1981 2215 2050 mensem‚

104 2075 310 2143 dilata
345 2074 512 2142 sunt.
562 2073 752 2141 Tum
773 2071 1144 2163 desperatio
1162 2074 1230 2139 in
1252 2074 1574 2165 gaudium
1593 2077 1828 2150 vertit,
1878 2099 2033 2143 cum
2055 2099 2191 2145 cer-

103 2188 171 2238 ta
190 2172 283 2237 rei
300 2169 709 2260 exequendae
730 2166 993 2234 fiducia.
1052 2169 1239 2234 Dum
1257 2169 1418 2235 vero
1440 2192 1705 2237 murum
1725 2170 2024 2238 alacriter
2041 2195 2189 2263 per-

103 2265 384 2333 tundere
418 2281 709 2355 pergunt
729 2310 750 2341 ‚
797 2260 1216 2328 observatum
1235 2312 1249 2335 ,
1296 2262 1643 2354 strepitum
1669 2287 1764 2331 ex
1795 2264 1996 2334 altera
2016 2269 2189 2334 muri

108 2376 298 2450 parte
332 2359 549 2425 audiri
585 2360 667 2423 eo
687 2355 911 2422 miffus
949 2355 1183 2423 Guido
1203 2357 1532 2432 Fauxius‚
1580 2376 1656 2426 ut
1690 2358 1949 2427 causam
1968 2362 2209 2451 inqui-⁷

102 2467 272 2522 reret
291 2501 311 2533 ,
358 2452 689 2520 renuntiat
709 2498 730 2531 ‚
778 2448 1012 2516 cellam
1046 2450 1140 2516 ibi
1174 2450 1653 2521 subterraneam
1689 2453 1815 2523 effe
1830 2502 1853 2535 ,
1899 2455 2058 2522 inde
2093 2479 2190 2523 re-

105 2550 360 2619 moveri
380 2548 725 2620 carbones,
774 2542 1095 2612 defuneto
1113 2568 1195 2612 eo
1213 2593 1235 2627 ,
1252 2548 1373 2637 qui
1392 2546 1627 2615 cellam
1644 2552 1713 2616 in
1731 2549 2012 2618 eosusus
2035 2573 2191 2618 con·

102 2645 401 2712 duxerat.
446 2643 663 2734 Igitur
681 2640 1008 2729 conjurati
1043 2638 1210 2708 hanc
1230 2640 1466 2711 cellam·
1484 2645 2019 2719 commodiorem
2036 2647 2186 2724 rati,

101 2760 305 2830 opera
343 2739 547 2803 Percii
572 2783 591 2814 ,
640 2752 715 2801 ut
748 2733 978 2801 alteras
1015 2735 1188 2802 :edes
1221 2735 1480 2809 locant,
1510 2746 1604 2807 &²
1631 2741 1701 2804 in
1736 2738 1919 2806 illam
1953 2727 2214 2806 omnes-

102 2854 266 2923 opes
286 2877 309 2909 ‚
353 2853 582 2897 omnes
618 2827 763 2920 spes
796 2827 936 2896 suas
972 2831 1356 2920 conjiciunt.
1404 2831 1494 2898 ob
1545 2831 1680 2899 loci
1715 2835 2184 2924 opportunita-

101 2945 239 2994 tem
274 2925 577 3015 inprimis
615 2969 636 3002 ‚
675 2940 915 3015 utpote
932 2925 1053 3014 qui
1068 2924 1314 2995 throno
1333 2924 1583 3018 Regali
1617 2923 1756 2994 fere
1774 2926 2098 3018 subjestus
2120 2952 2184 2995 e-

102 3032 216 3088 rat.
254 3018 481 3086 Pulvis
502 3020 778 3086 nitratus
800 3041 917 3110 per
933 3021 1150 3088 otium
1168 3021 1238 3087 in
1257 3019 1493 3089 cellam
1512 3043 1659 3088 eam
1677 3044 1760 3090 ex
1780 3022 2031 3092 aedibus
2053 3024 2186 3092 Ca-

101 3114 320 3183 tisbeii
338 3161 360 3193 ,
407 3114 444 3178 ὲ
463 3115 733 3206 regione
757 3114 983 3182 Curiae
1002 3162 1025 3195 ,
1070 3114 1186 3182 ubi
1206 3114 1468 3184 summo
1488 3115 1709 3186 studio
1727 3138 1918 3186 antea
1936 3142 2179 3210 conge-

105 3208 234 3277 stus
277 3206 489 3276 fuerat
509 3254 532 3288 ‚
579 3206 774 3275 doliis
809 3210 1083 3301 triginta
1115 3209 1227 3278 sex
1259 3233 1501 3303 magna
1536 3210 1844 3304 lapidum
1881 3220 1946 3283 ὃ(
1966 3212 2180 3303 ligno-

103 3326 252 3375 rum
288 3302 457 3374 sttue
492 3301 807 3373 contestis
826 3348 848 3383 ‚
895 3304 1252 3470 convedgus
1288 3305 1399 3375 est.·
1441 3307 1758 3401 Denique
1779 3312 1919 3400 jam
1956 3322 2215 3398 parata,

1201 3424 1264 3470 to.
1309 3421 1377 3492 3-.
1999 3415 2210 3468 erant,
