2678 3646
108 2985 493 3074 Principum
514 3030 535 3062 ‚
582 2983 1010 3053 Ecclefiastici
1042 2990 1428 3078 cumprimis
1447 3037 1468 3069 ,
1513 2990 1911 3083 Adolphum
1933 2993 2167 3060 Comi-

594 126 1206 203 PERIODUS
1256 127 1771 220 QUINTA.·
1962 107 1964 109 ’
2043 158 2170 227 147

104 252 423 324 nifacium
443 254 549 319 IX.
571 247 881 341 impulit,
928 266 1003 315 ut
1037 246 1176 339 ipse
1190 272 1326 344 non
1362 247 1739 341 exspecCtato
1772 272 1946 317 anno
1979 254 2173 340 quin-

106 348 489 442 quagesimo
527 346 612 411 ad
649 343 1055 436 trigesimum
1094 345 1403 422 tertium,
1450 361 1643 411 aetate
1681 344 1932 412 Christi
1970 345 2171 412 sacra-

107 465 254 512 tum
274 491 294 522 ‚
344 441 770 509 festivitatem
790 437 969 505 suam
994 437 1449 505 contraheret?
1496 437 1856 512 Aurisacra
1877 438 2083 505 fames
2104 448 2170 509 ὃς

2 528 7 532 Δ
105 534 483 631 ἇιχςοκςςὲἳμοι.
584 533 743 601 Fuit
779 535 955 599 enim
976 535 1175 599 etiam
1200 532 1310 598 hic
1350 532 1572 624 Papa,
1619 531 1897 600 authore
1935 533 2164 601 Theo-

104 636 337 700 dorico
376 636 412 700 a
435 631 509 699 N
519 631 645 695 iem
666 676 685 706 ,
734 651 983 720 vorago
1002 626 1394 694 insatiabilis,
1489 627 1680 715 Qud
1718 629 1919 718 porro
1955 630 2171 696 movit

105 728 369 794 Sixtum
407 727 531 795 IV.
568 722 758 789 illum
794 746 926 788 non
967 721 1177 789 solum
1214 720 1578 811 bipedum,
1624 719 1737 787 sed
1773 724 1973 788 etiam
2008 747 2169 813 qua-

107 822 486 913 drupedum
523 816 1073 908 impurissimum,
1120 834 1196 882 ut
1215 819 1369 882 cum
1412 817 1684 907 triginta
1719 835 1847 882 tres
1883 820 2035 883 anni
2072 820 2168 883 ni-

102 919 224 986 mis
261 916 446 1007 longi
482 913 899 989 viderentur,
962 909 1100 1001 ipse
1117 911 1358 999 quinto
1396 917 1463 978 ὃς
1501 908 1838 978 vicesimo
1891 935 2166 1001 quoque

103 1035 276 1078 anno
303 1007 667 1103 Jubilaeum
704 1004 1166 1072 celebrandum
1202 1003 1607 1071 institueret?
1655 1005 1824 1072 Auri
1858 1004 2031 1072 sacra
2068 1005 2164 1072 fa-

102 1129 238 1172 mes
277 1113 342 1176 &
377 1100 695 1191 πλεονεξίαι..
739 1099 818 1166 >F
826 1101 924 1165 uit
958 1098 1135 1163 enim
1170 1114 1306 1163 tam
1341 1119 1572 1164 avarus
1608 1106 1675 1167 &
1709 1100 2010 1189 impurus
2033 1147 2052 1178 ,
2089 1120 2164 1168 ut

99 1200 429 1267 aedificato
483 1194 779 1286 lupanari
820 1190 1134 1283 publico,
1181 1213 1262 1257 ex
1315 1192 1688 1258 meretricio
1735 1197 1935 1259 etiam
1988 1212 2165 1285 quw

96 1294 196 1361 stu
232 1292 594 1385 plurimum
631 1288 854 1353 aerario
871 1286 990 1353 suo
1026 1284 1461 1353 emolumenti
1477 1285 2012 1355 accumulaverit.
2064 1297 2156 1356 Ita

97 1386 503 1481 Vespafianis
524 1384 623 1451 his
640 1382 895 1473 argenti
912 1379 1081 1448 odor
1098 1380 1310 1449 bonus
1327 1380 1418 1447 est
1436 1404 1516 1447 ex
1536 1405 1605 1447 re
1622 1380 1934 1471 qualibet.
2018 1384 2097 1451 N
2101 1407 2170 1454 e-,

95 1505 228 1573 que
261 1480 690 1573 imposterum
727 1475 1085 1545 Malifacio‘
1116 1476 1410 1570 cuipiam
1452 1474 1817 1568 Jubilaeum
1850 1477 1938 1543 ad
1970 1471 2165 1568 septiss

98 1601 284 1645 mum
318 1579 655 1666 quemque
689 1571 1405 1638 annum-contrahendi
1441 1588 1801 1662 praetextus
1836 1571 2164 1662 speciosus

95 1673 304 1739 deerit
328 1722 343 1745 ‚
391 1670 472 1736 eo
493 1666 685 1758 quod
719 1665 836 1733 sub
871 1665 1017 1757 lege
1051 1667 1252 1733 etiam
1285 1665 1603 1757 septimus
1641 1665 1922 1756 quisque
1955 1690 2161 1734 annus

96 1771 378 1848 mmmm
415 1769 605 1847 3⁸73&
650 1787 826 1827 amaus
859 1760 1179 1853 remiffionis
1216 1757 1435 1828 fuerit.
1529 1759 1953 1852 Implentque
1989 1762 2160 1828 adeo

92 1857 385 1923 sacerimi
419 1856 526 1922 hic
564 1877 895 1943 caupones
932 1855 993 1919 S.
1033 1855 1211 1921 Petri
1237 1879 1295 1919 2.
1317 1853 1520 1945 Epist.
1541 1861 1612 1921 11.
1637 1877 1693 1943 3.
1715 1857 2108 1923 vaticinium
2135 1904 2155 1933 ,
2186 1904 2188 1906 -

96 1951 240 2018 fore
294 1949 540 2016 scilicet
595 1945 786 2014 falsos
826 1948 1148 2015 Doctores
1186 1997 1201 2019 ,
1263 1951 1384 2037 qui
1440 1947 1509 2014 οἶν
1547 1948 1854 2039 πλεονεξίᾳ
1908 1947 2160 2024 πλαεῑοῗς

96 2045 276 2132 λόφοις
325 2064 431 2136 per
468 2047 783 2109 avaritiam
798 2043 951 2131 fic‘fis
964 2039 1315 2130 strmonibus
1332 2089 1353 2121 ,
1419 2040 1647 2110 fideles
1683 2042 1809 2110 sint
1849 2045 2159 2136 negotia-

96 2160 246 2210 turi.
415 2179 440 2204 μ

161 2231 462 2302 CXIX.
513 2230 644 2298 Sed
661 2231 747 2298 ad
782 2226 1207 2296 Bonifacium
1242 2229 1549 2298 redimus.
1641 2232 1971 2301 Potestate
1989 2252 2162 2302 utra·
2182 2245 2431 2307 Poteflatem

101 2352 232 2419 que
268 2324 608 2418 Spirituali
643 2333 707 2394 &
743 2323 923 2390 civili
955 2323 1256 2415 suprema
1289 2323 1353 2391 se
1386 2325 1678 2418 pollere,
1714 2330 1855 2418 jam
1889 2328 2159 2420 publice
2175 2314 2419 2376 suprfm‘m‘

101 2421 654 2515 promulgaverat.
749 2420 1069 2486 Exercere
1107 2419 1385 2486 eandem
1420 2421 1748 2488 necessum
1782 2423 2020 2503 duxit,
2084 2442 2161 2492 ut
2187 2379 2433 2490 ZZZ?

0 2528 1 2600 g
103 2518 367 2609 pondus
422 2514 686 2594 haberet
712 2512 993 2604 Jubilaea
1025 2512 1245 2590 isthaec
1280 2514 1752 2607 promulgatio.
1843 2519 2161 2586 Exercuit
2186 2510 2419 2573 versusstl·

2185 2574 2348 2621 bertum
2363 2583 2386 2620 I
2388 2593 2454 2622 m-

102 2608 405 2677 adversus
442 2608 582 2674 duo
618 2609 917 2698 inprimis
953 2606 1205 2675 summa
1256 2608 1460 2676 Orbis
1515 2610 1873 2681 Christiani
1907 2615 2160 2705 capita,
2181 2634 2447 2706 perquem&

1 2707 3 2714 ’
106 2704 453 2770 Albertum
492 2702 965 2791 Imperatorem
986 2748 1005 2781 ,
1052 2711 1113 2772 &
1140 2701 1534 2796 Philippum
1552 2705 1909 2797 pulchrum
1930 2756 1950 2787 ‚
1998 2707 2157 2794 Gal·
2176 2706 2223 2769 Ιὲ
2249 2727 2328 2795 [50²2
2355 2702 2505 2767 consti·

2 2803 5 2891 f
107 2797 210 2889 11ae
233 2799 513 2886 Regem.
580 2792 916 2864 Defuncto
934 2798 1139 2888 igitur
1158 2796 1537 2891 Rodolpho
1556 2802 1961 2893 Imperatore
1980 2850 2001 2882 ,
2035 2801 2158 2870 'va-
2208 2777 2222 2818 l

5 2920 6 2925 ¹
108 2909 296 2957 cante
334 2887 687 2957 Pontificia
719 2889 867 2956 sede
885 2938 905 2969 ‚
951 2899 1016 2960 &
1050 2892 1120 2958 in
1154 2911 1370 2984 partes
1407 2894 1593 2964 sciffo
1629 2897 1963 2988 Imperio,
2009 2922 2159 2990 pars
2182 2908 2466 2971 peffeperten-

2187 2793 2205 2819 e
2224 2786 2271 2820 ecc
2280 2793 2351 2820 nm
2367 2779 2498 2836 impe-

2175 2857 2406 2904 permenam

2185 2975 2267 3020 dat.

8 3132 10 3166 ÷
109 3097 245 3146 tem
265 3080 333 3146 N
346 3077 664 3145 afl'ovium
683 3078 870 3171 eligit
889 3130 903 3153 ‚
953 3104 1097 3171 pars
1116 3081 1465 3152 Albertum
1483 3131 1505 3163 ,
1551 3085 1911 3179 Rodolphi
1932 3086 2164 3154 filium.

9 3239 12 3297 Ι

110 3171 494 3240 Bonifacius
531 3171 642 3239 ubi
677 3173 763 3240 ad
797 3175 1124 3266 Papatum
1157 3180 1503 3267 pervenit,
1567 3182 1877 3272 repudiat
1908 3201 2164 3249 utrum-

11 3339 14 3388 ἶ
107 3292 276 3358 que,
324 3269 405 3335 eo
441 3267 635 3360 quod
667 3265 728 3336 se
744 3269 1117 3340 inconsulto
1153 3272 1237 3338 de
1273 3273 1591 3344 electione
1627 3277 1965 3368 Principes
2003 3273 2166 3341 deli-

1163 3365 1233 3435 T
1289 3391 1320 3433 2
1393 3435 1394 3438 ,
1946 3369 2166 3436 berare
