2678 3646
489 114 1106 203 PERIODUS
1157 130 1709 230 SEPTIMA.
2020 155 2160 230 433

66 247 375 323 raliflime
415 253 879 347 depromptis,
926 253 1279 322 mactavit:
1325 254 1618 344 denique
1651 274 1737 320 ex
1756 247 1993 322 Sorore
2010 253 2089 321 N
2093 276 2159 321 e-

66 366 261 439 potes
291 347 578 418 alterum
618 350 1047 419 Cardinalem
1083 348 1398 417 Osimum
1428 349 1708 423 creavit,
1754 346 2035 416 alterum
2069 348 2157 417 E-

2 473 12 515 .·
33 441 35 443 ’
67 447 326 533 quitem
345 445 766 513 Melitensem
783 493 805 526 ,
852 454 918 515 &
938 449 1207 513 navium
1229 444 1736 531 Pontificiarum
1755 442 2148 537 Generalem

66 538 427 607 constituit.
475 540 794 609 Praeterea
829 565 950 608 nec
970 543 1165 609 uxori
1186 542 1429 619 Marii,
1468 542 1549 608 D.
1585 540 1918 606 Berenicae
1937 586 1959 618 ,
1993 538 2155 630 ejus·

60 655 196 722 que
215 632 473 700 filiabus
509 634 768 715 defuit,
800 637 1041 726 quibus
1062 636 1329 728 fingulis
1366 634 1792 728 eleemosynae
1827 633 2031 702 titulo
2068 656 2152 703 ex

64 726 246 795 Petri
281 732 686 818 patrimonio
721 733 843 798 tria
879 724 1086 799 millia
1122 730 1527 824 duplionum
1561 728 1863 798 contulit.
1913 729 2150 797 Taceo

25 822 581 914 ⁸consanguineos
602 827 986 894 remotiores
1006 874 1027 905 ,
1073 827 1161 893 ad
1178 842 1347 917 quos
1386 850 1520 908 non
1555 827 1772 892 minus
1810 824 2006 893 hosce
2024 825 2150 892 Pa-

64 916 226 984 &oli
246 918 487 986 fluvios
508 920 902 989 derivandos
921 968 943 1001 ,
988 919 1632 989 munificentissimus
1653 927 1736 986 'ex
1752 916 1970 987 alieno
1989 967 2010 1000 ‚
2029 921 2148 986 eo-

62 1034 197 1101 que
229 1012 410 1080 sacro
447 1015 716 1105 peculio
751 1016 872 1082 seu¹
897 1018 1123 1090 Pater,
1170 1016 1279 1084 seu
1299 1013 1661 1102 Quirinalis
1698 1014 1931 1105 praedo
1958 1061 1977 1095 ‚
2023 1038 2148 1105 pu-

59 1109 244 1174 tavit.
297 1108 385 1175 Et
422 1109 532 1175 hio
563 1131 780 1177 tamen
812 1110 1256 1202 rapacissimus
1292 1108 1726 1200 depeculator
1760 1111 2149 1200 patrimonii

61 1200 123 1269 S.
158 1202 378 1281 Petri,
426 1212 491 1295 ὃς
528 1204 978 1272 thesaurorum
1019 1205 1318 1281 E-cclcfiae
1355 1207 1409 1270 is
1446 1204 1583 1294 ipse
1617 1203 1709 1270 est
1726 1249 1748 1281 ,
1798 1207 1917 1294 qui
1938 1205 2144 1294 paulo

55 1315 207 1364 ante
244 1298 632 1367 Monasterii
667 1299 884 1367 severe
920 1300 1091 1366 adeo
1129 1319 1356 1366 contra
1392 1298 1631 1368 Pacem
1668 1298 2143 1367 Monasterien-

54 1389 187 1458 sem
223 1393 626 1482 protestatus
655 1394 746 1462 est
772 1443 791 1475 ,
835 1396 1242 1486 praecipuam
1277 1393 1365 1460 ob
1400 1392 1697 1472 causam,
1745 1393 1939 1483 quod
1974 1395 2043 1460 in
2064 1418 2139 1464 ca

53 1485 601 1556 abalienationem
682 1490 1007 1557 bonorum
1074 1488 1378 1557 Ecclefiae
1456 1486 1789 1579 indulgeri
1853 1506 2134 1579 putaret.

53 1581 281 1671 Qlam
312 1583 520 1675 ipsam
539 1583 1024 1676 indulgentiam
1045 1585 1409 1651 necessitate
1427 1601 1756 1649 extortam
1790 1601 2006 1671 partes
2026 1606 2138 1673 pa-

50 1677 362 1745 ciscentes
400 1677 666 1746 cauffati
703 1679 889 1747 sunt:
937 1684 1092 1748 cum
1111 1677 1488 1747 Alexander
1506 1675 1687 1743 nulla
1722 1675 2136 1756 necestitate,

50 1769 167 1838 sed
199 1774 487 1840 avaritiae
524 1773 720 1841 soliu‘s
754 1776 888 1842 acri
925 1774 1190 1841 stimulo
1210 1821 1230 1854 ,
1285 1792 1511 1840 contra
1537 1773 1898 1862 juramenti
1932 1772 2135 1839 etiam

52 1865 441 1956 religionem
461 1916 477 1940 ‚
513 1877 579 1936 &
617 1892 773 1957 cum
808 1866 1168 1935 offensione
1200 1868 1454 1954 summa
1488 1867 1793 1934 omnium
1824 1865 2133 1934 Ecclesia:

52 1957 225 2025 bona
245 1959 667 2051 dilapidariu
1424 2019 1430 2025 .

147 2055 211 2121 C
236 2054 298 2122 C
324 2055 380 2121 L
404 2055 471 2123 X
496 2054 567 2122 X
589 2056 638 2122 Ι.
676 2055 785 2123 Sic
802 2058 888 2123 ad
907 2055 1237 2124 summum
1257 2056 1439 2125 haud
1457 2055 1659 2123 dubie
1679 2034 1959 2149 gradum
1980 2079 2132 2147 pro·
2153 2085 2217 2127 oe
2233 2081 2410 2135 pontifi.

51 2147 288 2216 vestus'
313 2148 394 2214 ab
413 2148 796 2218 Alexandro
833 2153 909 2220 N
914 2152 1310 2244 ep'otismus,
1356 2153 1442 2219 ad
1473 2153 1769 2219 animum
1789 2153 1996 2232 mihi,
2040 2154 2241 2220 adeum
2278 2146 2465 2212 Nepvtis·

48 2245 310 2334 apicem
346 2243 522 2311 hunc
546 2244 856 2314 Simoniae
894 2246 1264 2316 Pontificiae
1300 2245 1816 2337 obstupescenti,
1863 2271 2126 2336 revoca-

2148 2232 2215 2262 mo
2238 2213 2405 2278 querela

2148 2279 2309 2327 Alvari
2348 2279 2444 2325 l’cla

50 2341 151 2432 vit
186 2357 476 2405 veterem
528 2340 863 2430 querelam
899 2341 1127 2410 Alvari
1179 2340 1431 2433 Pelagii
1468 2342 1793 2433 Johannis
1831 2343 1902 2411 X
1925 2343 1995 2411 X
2017 2344 2049 2410 I
2071 2342 2239 2412 I.g¹'¹'›
2280 2346 2460 2406 ejusdem

48 2432 536 2501 Poenitentiarii
558 2482 580 2513 ‚
625 2459 828 2525 quam
861 2437 929 2501 de
948 2440 1179 2529 plandi‘u
1198 2437 1422 2524 Ecclcfiae
1438 2435 1531 2502 lib⁴
1562 2460 1588 2502 1
1612 2460 1662 2502 1.
1689 2456 1796 2503 art.
1825 2457 1925 2525 15.
1964 2461 2120 2505 con-

45 2525 405 2619 signatam,
452 2532 607 2596 cum
628 2531 703 2599 N
710 2529 1016 2621 epotismi
1035 2531 1226 2621 hujus
1263 2528 1468 2616 κρυπῖοὶ
1505 2522 1550 2595 ’ἓ
1583 2530 1852 2623 admistus,
1902 2544 2125 2602 Arcana

48 2621 188 2690 ver}
204 2623 469 2715 pudenda
487 2624 554 2690 in
573 2625 803 2715 aprico
821 2624 1106 2693 collocet
1124 2673 1145 2705 ,
1183 2626 1327 2692 heic
1348 2626 1633 2700 totidem
1652 2627 1864 2695 verbis
1885 2652 2121 2720 reprae-

8 2776 13 2780 .
48 2716 313 2790 sentari,
364 2717 399 2781 ὲ
421 2742 487 2783 re
508 2721 797 2785 maxime
833 2719 1052 2787 fuerit.
1097 2727 1335 2788 Romani
1368 2724 1534 2788 multi
1552 2725 1825 2796 Pontifices
1841 2725 2007 2814 nostri
2022 2722 2123 2809 hy-

33 2814 316 2902 pocritalis
349 2819 605 2902 temporis
623 2860 644 2891 ,
691 2815 911 2903 inquit
944 2865 961 2888 ,
1023 2815 1097 2892 (ῤ’
1134 2821 1257 2898 jam
1291 2819 1469 2881 multa
1501 2817 1667 2907 lustra
1700 2820 2087 2908 transtverunt
2104 2867 2127 2899 ‚

0 2934 6 2938 ⁴
45 2907 170 2971 licet
188 2909 296 2970 Dei
330 2912 461 2970 veri
492 2912 735 2987 vicarii,
779 2908 922 2999 Jesu
944 2907 1145 2996 christi
1162 2917 1418 3003 pauperis
1450 2914 1729 2994 'cmcifhci³
1776 2914 1851 2990 (9²³
1860 2914 2118 3005 stecccffi-

48 3023 136 3065 res
172 3004 328 3092 ,fem
345 3006 602 3091 pauperis
620 3006 904 3092 pycatoris
917 3051 933 3077 ‚
980 3030 1152 3070 manu
1185 3006 1259 3083 &-
1292 3026 1416 3072 arte
1447 3009 1666 3072 vic‘lum
1698 3015 1986 3098 quaerentis
2018 3016 2126 3075 reti

48 3091 123 3169 ὠ
156 3096 419 3159 navicula
451 3130 484 3181 ᾗ,
504 3096 830 3187 praedivites
861 3102 1152 3190 Nepotulos
1186 3100 1259 3177 (ῤ’
1303 3105 1440 3167 alios
1473 3104 1878 3194 corfinguineos
1910 3107 2122 3170 clericos

46 3188 253 3254 nedum
269 3188 348 3254 ad
374 3191 514 3256 altas
530 3194 871 3281 praelationes
888 3214 1228 3285 promovent
1260 3194 1546 3287 ditiffimas
1576 3196 1649 3275 ὠ·
1675 3197 1961 3291 altiffimas
1984 3223 1994 3261 :
2011 3199 2124 3287 fid

17 3326 19 3328 μ
46 3286 218 3351 etiam
251 3283 556 3376 adflatum
592 3289 977 3359 candinalatus
990 3291 1171 3381 inſsios
1204 3295 1447 3359 totaliter
1462 3290 1536 3373 (ἐν
1552 3292 1835 3385 ἑηάιξωε,·ε
1887 3292 1959 3370 (ὧν
1975 3315 2118 3355 com-

1100 3383 1138 3455 ,Ῑ
1159 3385 1220 3450 1'1'
1984 3390 2118 3452 mit-

2143 2430 2298 2460 arcana
2313 2412 2430 2457 dete-

2136 2478 2291 2543 gentis.
