<?xml version="1.0" encoding="UTF-8"?>
<!DOCTYPE html PUBLIC "-//W3C//DTD XHTML 1.0 Transitional//EN"
    "http://www.w3.org/TR/xhtml1/DTD/xhtml1-transitional.dtd">
<html xmlns="http://www.w3.org/1999/xhtml" xml:lang="en" lang="en">
 <head>
  <title>
</title>
<meta http-equiv="Content-Type" content="text/html;charset=utf-8" />
  <meta name='ocr-system' content='tesseract 3.04.00' />
  <meta name='ocr-capabilities' content='ocr_page ocr_carea ocr_par ocr_line ocrx_word'/>
</head>
<body>
  <div class='ocr_page' id='page_1' title='image "./historiapapatus00heiduoft_0238.png"; bbox 0 0 2678 3646; ppageno 0'>
   <div class='ocr_carea' id='block_1_1' title="bbox 257 3176 485 3220">
    <p class='ocr_par' dir='ltr' id='par_1_1' title="bbox 257 3176 485 3220">
     <span class='ocr_line' id='line_1_1' title="bbox 257 3176 485 3220; baseline -0.009 0"><span class='ocrx_word' id='word_1_1' title='bbox 257 3177 403 3220; x_wconf 52' lang='lat' dir='ltr'>»teonis</span> <span class='ocrx_word' id='word_1_2' title='bbox 424 3176 485 3218; x_wconf 55' lang='lat' dir='ltr'>A»</span> 
     </span>
    </p>
   </div>
   <div class='ocr_carea' id='block_1_2' title="bbox 257 3237 626 3331">
    <p class='ocr_par' dir='ltr' id='par_1_2' title="bbox 257 3237 626 3331">
     <span class='ocr_line' id='line_1_2' title="bbox 257 3237 626 3331; baseline 0 -49"><span class='ocrx_word' id='word_1_3' title='bbox 257 3239 452 3293; x_wconf 80' lang='lat' dir='ltr'>theismus</span> <span class='ocrx_word' id='word_1_4' title='bbox 478 3237 546 3293; x_wconf 61' lang='lat'>&amp;⁹</span> <span class='ocrx_word' id='word_1_5' title='bbox 579 3263 626 3331; x_wconf 77' lang='lat' dir='ltr'><strong>fi</strong></span> 
     </span>
    </p>
   </div>
   <div class='ocr_carea' id='block_1_3' title="bbox 568 154 2193 263">
    <p class='ocr_par' dir='ltr' id='par_1_3' title="bbox 568 154 2193 263">
     <span class='ocr_line' id='line_1_3' title="bbox 568 154 2193 263; baseline -0.014 -18"><span class='ocrx_word' id='word_1_6' title='bbox 568 198 705 263; x_wconf 83' lang='lat'>204</span> <span class='ocrx_word' id='word_1_7' title='bbox 965 155 1581 232; x_wconf 82' lang='lat' dir='ltr'><strong>ECCLESIAE</strong></span> <span class='ocrx_word' id='word_1_8' title='bbox 1632 154 2193 227; x_wconf 81' lang='lat' dir='ltr'>ROMANAE</span> 
     </span>
    </p>
   </div>
   <div class='ocr_carea' id='block_1_4' title="bbox 548 273 2634 3275">
    <p class='ocr_par' dir='ltr' id='par_1_4' title="bbox 548 273 2634 3181">
     <span class='ocr_line' id='line_1_4' title="bbox 562 273 2615 374; baseline -0.005 -21"><span class='ocrx_word' id='word_1_9' title='bbox 562 281 1118 374; x_wconf 75' lang='lat' dir='ltr'>indulgentiarum</span> <span class='ocrx_word' id='word_1_10' title='bbox 1138 324 1159 355; x_wconf 90' lang='lat'><strong><em>,</em></strong></span> <span class='ocrx_word' id='word_1_11' title='bbox 1194 276 1301 344; x_wconf 89' lang='lat' dir='ltr'>seu</span> <span class='ocrx_word' id='word_1_12' title='bbox 1320 274 1690 344; x_wconf 74' lang='lat' dir='ltr'>tesserarum</span> <span class='ocrx_word' id='word_1_13' title='bbox 1711 297 1844 341; x_wconf 90' lang='lat' dir='ltr'>non</span> <span class='ocrx_word' id='word_1_14' title='bbox 1864 273 2072 340; x_wconf 79' lang='lat' dir='ltr'>modo</span> <span class='ocrx_word' id='word_1_15' title='bbox 2091 276 2446 342; x_wconf 84' lang='lat' dir='ltr'>venialium</span> <span class='ocrx_word' id='word_1_16' title='bbox 2465 323 2485 354; x_wconf 66' lang='lat'>2</span> <span class='ocrx_word' id='word_1_17' title='bbox 2504 275 2615 343; x_wconf 87' lang='lat' dir='ltr'>sed</span> 
     </span>
     <span class='ocr_line' id='line_1_5' title="bbox 564 367 2614 463; baseline -0.005 -17"><span class='ocrx_word' id='word_1_18' title='bbox 564 382 761 446; x_wconf 84' lang='lat' dir='ltr'>etiam</span> <span class='ocrx_word' id='word_1_19' title='bbox 799 370 1126 441; x_wconf 79' lang='lat' dir='ltr'>venalium</span> <span class='ocrx_word' id='word_1_20' title='bbox 1145 416 1167 449; x_wconf 82' lang='grc'>,</span> <span class='ocrx_word' id='word_1_21' title='bbox 1213 371 1679 463; x_wconf 80' lang='lat' dir='ltr'>impunitatem</span> <span class='ocrx_word' id='word_1_22' title='bbox 1714 367 2024 436; x_wconf 84' lang='lat' dir='ltr'>scelerum</span> <span class='ocrx_word' id='word_1_23' title='bbox 2053 414 2076 446; x_wconf 76' lang='lat'><strong><em>,</em></strong></span> <span class='ocrx_word' id='word_1_24' title='bbox 2115 377 2186 437; x_wconf 83' lang='lat'>&amp;</span> <span class='ocrx_word' id='word_1_25' title='bbox 2220 371 2614 437; x_wconf 83' lang='lat' dir='ltr'>solutionem</span> 
     </span>
     <span class='ocr_line' id='line_1_6' title="bbox 562 460 2617 557; baseline -0.005 -18"><span class='ocrx_word' id='word_1_26' title='bbox 562 472 899 539; x_wconf 82' lang='lat' dir='ltr'>Sacrarum</span> <span class='ocrx_word' id='word_1_27' title='bbox 915 464 1140 557; x_wconf 85' lang='lat' dir='ltr'>legum</span> <span class='ocrx_word' id='word_1_28' title='bbox 1187 464 1421 542; x_wconf 84' lang='lat' dir='ltr'>(veluti</span> <span class='ocrx_word' id='word_1_29' title='bbox 1453 463 1500 530; x_wconf 91' lang='lat' dir='ltr'>s1</span> <span class='ocrx_word' id='word_1_30' title='bbox 1536 466 1682 555; x_wconf 79' lang='lat' dir='ltr'>quis</span> <span class='ocrx_word' id='word_1_31' title='bbox 1701 460 2098 530; x_wconf 62' lang='lat' dir='ltr'>smffiffimae</span> <span class='ocrx_word' id='word_1_32' title='bbox 2137 465 2334 529; x_wconf 87' lang='lat' dir='ltr'>etiam</span> <span class='ocrx_word' id='word_1_33' title='bbox 2370 464 2617 531; x_wconf 78' lang='lat' dir='ltr'>Christi</span> 
     </span>
     <span class='ocr_line' id='line_1_7' title="bbox 564 555 2618 648; baseline -0.002 -19"><span class='ocrx_word' id='word_1_34' title='bbox 564 557 773 633; x_wconf 84' lang='lat' dir='ltr'>Matri</span> <span class='ocrx_word' id='word_1_35' title='bbox 789 561 1030 626; x_wconf 82' lang='lat' dir='ltr'>vitium</span> <span class='ocrx_word' id='word_1_36' title='bbox 1053 557 1413 636; x_wconf 81' lang='lat' dir='ltr'>obtulisset)</span> <span class='ocrx_word' id='word_1_37' title='bbox 1458 559 1664 648; x_wconf 86' lang='lat' dir='ltr'>impia</span> <span class='ocrx_word' id='word_1_38' title='bbox 1702 566 1767 626; x_wconf 58' lang='grc' dir='ltr'>ὃς</span> <span class='ocrx_word' id='word_1_39' title='bbox 1801 555 2062 623; x_wconf 84' lang='lat' dir='ltr'>sordida</span> <span class='ocrx_word' id='word_1_40' title='bbox 2080 555 2480 648; x_wconf 83' lang='lat' dir='ltr'>benignitate</span> <span class='ocrx_word' id='word_1_41' title='bbox 2499 559 2618 625; x_wconf 87' lang='lat' dir='ltr'>lar-</span> 
     </span>
     <span class='ocr_line' id='line_1_8' title="bbox 567 652 2620 748; baseline -0.002 -26"><span class='ocrx_word' id='word_1_42' title='bbox 567 656 889 748; x_wconf 79' lang='lat' dir='ltr'>gientium</span> <span class='ocrx_word' id='word_1_43' title='bbox 909 700 929 733; x_wconf 83' lang='lat'>‚</span> <span class='ocrx_word' id='word_1_44' title='bbox 973 652 1455 719; x_wconf 74' lang='lat' dir='ltr'>nundinatione</span> <span class='ocrx_word' id='word_1_45' title='bbox 1475 652 1831 718; x_wconf 82' lang='lat' dir='ltr'>effecerunt</span> <span class='ocrx_word' id='word_1_46' title='bbox 1852 697 1872 729; x_wconf 81' lang='grc'>,</span> <span class='ocrx_word' id='word_1_47' title='bbox 1908 668 1984 716; x_wconf 91' lang='lat' dir='ltr'>ut</span> <span class='ocrx_word' id='word_1_48' title='bbox 2004 652 2319 740; x_wconf 86' lang='lat' dir='ltr'>patientia</span> <span class='ocrx_word' id='word_1_49' title='bbox 2339 653 2620 717; x_wconf 69' lang='lat' dir='ltr'>nimium</span> 
     </span>
     <span class='ocr_line' id='line_1_9' title="bbox 557 743 2622 837; baseline -0.003 -22"><span class='ocrx_word' id='word_1_50' title='bbox 557 755 686 832; x_wconf 77' lang='lat' dir='ltr'>jam</span> <span class='ocrx_word' id='word_1_51' title='bbox 719 747 861 814; x_wconf 75' lang='lat' dir='ltr'>l&#39;aesa</span> <span class='ocrx_word' id='word_1_52' title='bbox 883 794 898 819; x_wconf 92' lang='lat'>‚</span> <span class='ocrx_word' id='word_1_53' title='bbox 945 746 1223 813; x_wconf 86' lang='lat' dir='ltr'>ducibus</span> <span class='ocrx_word' id='word_1_54' title='bbox 1259 747 1690 837; x_wconf 77' lang='lat' dir='ltr'>magnanimis</span> <span class='ocrx_word' id='word_1_55' title='bbox 1743 753 1809 813; x_wconf 68' lang='grc' dir='ltr'>ὃς</span> <span class='ocrx_word' id='word_1_56' title='bbox 1843 744 2326 832; x_wconf 63' lang='grc' dir='ltr'>κεχειροῖὁνημένως</span> <span class='ocrx_word' id='word_1_57' title='bbox 2361 744 2539 818; x_wconf 53' lang='lat' dir='ltr'>rem&amp;</span> <span class='ocrx_word' id='word_1_58' title='bbox 2575 743 2622 816; x_wconf 65' lang='grc' dir='ltr'><em>ζί</em></span> 
     </span>
     <span class='ocr_line' id='line_1_10' title="bbox 548 832 2621 929; baseline -0.002 -21"><span class='ocrx_word' id='word_1_59' title='bbox 548 832 665 925; x_wconf 58' lang='grc' dir='ltr'>’ἳνεξ</span> <span class='ocrx_word' id='word_1_60' title='bbox 700 888 721 920; x_wconf 80' lang='grc'>,</span> <span class='ocrx_word' id='word_1_61' title='bbox 766 844 835 907; x_wconf 86' lang='lat' dir='ltr'>in</span> <span class='ocrx_word' id='word_1_62' title='bbox 853 840 1206 907; x_wconf 78' lang='lat' dir='ltr'>Germania</span> <span class='ocrx_word' id='word_1_63' title='bbox 1223 841 1498 929; x_wconf 88' lang='lat' dir='ltr'>quidem</span> <span class='ocrx_word' id='word_1_64' title='bbox 1520 839 1866 907; x_wconf 81' lang='lat' dir='ltr'>Marthino</span> <span class='ocrx_word' id='word_1_65' title='bbox 1888 840 2220 918; x_wconf 77' lang='lat' dir='ltr'>Luther03</span> <span class='ocrx_word' id='word_1_66' title='bbox 2269 843 2337 906; x_wconf 90' lang='lat' dir='ltr'>in</span> <span class='ocrx_word' id='word_1_67' title='bbox 2375 841 2621 906; x_wconf 82' lang='lat' dir='ltr'>Helve-</span> 
     </span>
     <span class='ocr_line' id='line_1_11' title="bbox 561 932 2626 1026; baseline -0.002 -23"><span class='ocrx_word' id='word_1_68' title='bbox 561 940 650 1004; x_wconf 90' lang='lat' dir='ltr'>tia</span> <span class='ocrx_word' id='word_1_69' title='bbox 668 938 826 1002; x_wconf 80' lang='lat' dir='ltr'>vero</span> <span class='ocrx_word' id='word_1_70' title='bbox 849 933 1187 1001; x_wconf 87' lang='lat' dir='ltr'>Huldrico</span> <span class='ocrx_word' id='word_1_71' title='bbox 1207 933 1546 1025; x_wconf 84' lang='lat' dir='ltr'>Zwinglio</span> <span class='ocrx_word' id='word_1_72' title='bbox 1560 970 1586 1013; x_wconf 83' lang='lat'>·‚</span> <span class='ocrx_word' id='word_1_73' title='bbox 1623 932 1821 1025; x_wconf 76' lang='lat' dir='ltr'>ipsius</span> <span class='ocrx_word' id='word_1_74' title='bbox 1843 933 2417 1026; x_wconf 83' lang='lat' dir='ltr'>CapitoliniJoVis</span> <span class='ocrx_word' id='word_1_75' title='bbox 2428 938 2626 1024; x_wconf 77' lang='lat' dir='ltr'>jugu-</span> 
     </span>
     <span class='ocr_line' id='line_1_12' title="bbox 559 1027 2622 1118; baseline -0.003 -22"><span class='ocrx_word' id='word_1_76' title='bbox 559 1029 700 1096; x_wconf 89' lang='lat' dir='ltr'>lum</span> <span class='ocrx_word' id='word_1_77' title='bbox 734 1028 988 1096; x_wconf 75' lang='lat' dir='ltr'>strenue</span> <span class='ocrx_word' id='word_1_78' title='bbox 1005 1027 1458 1107; x_wconf 75' lang='lat' dir='ltr'>invaderetur3</span> <span class='ocrx_word' id='word_1_79' title='bbox 1505 1028 1648 1094; x_wconf 89' lang='lat' dir='ltr'>sana</span> <span class='ocrx_word' id='word_1_80' title='bbox 1669 1049 1744 1092; x_wconf 85' lang='lat' dir='ltr'>ac</span> <span class='ocrx_word' id='word_1_81' title='bbox 1764 1028 1916 1094; x_wconf 76' lang='lat' dir='ltr'>vere</span> <span class='ocrx_word' id='word_1_82' title='bbox 1938 1029 2181 1095; x_wconf 85' lang='lat' dir='ltr'>Divina</span> <span class='ocrx_word' id='word_1_83' title='bbox 2202 1031 2286 1094; x_wconf 86' lang='lat' dir='ltr'>de</span> <span class='ocrx_word' id='word_1_84' title='bbox 2303 1052 2452 1095; x_wconf 87' lang='lat' dir='ltr'>vera</span> <span class='ocrx_word' id='word_1_85' title='bbox 2472 1050 2622 1118; x_wconf 83' lang='lat' dir='ltr'>pec-</span> 
     </span>
     <span class='ocr_line' id='line_1_13' title="bbox 563 1119 2625 1213; baseline -0.002 -23"><span class='ocrx_word' id='word_1_86' title='bbox 563 1142 861 1190; x_wconf 85' lang='lat' dir='ltr'>catorum</span> <span class='ocrx_word' id='word_1_87' title='bbox 881 1119 1246 1188; x_wconf 80' lang='lat' dir='ltr'>remissione</span> <span class='ocrx_word' id='word_1_88' title='bbox 1263 1130 1328 1191; x_wconf 88' lang='lat'>&amp;</span> <span class='ocrx_word' id='word_1_89' title='bbox 1339 1121 1807 1212; x_wconf 76' lang='lat' dir='ltr'>justificatione</span> <span class='ocrx_word' id='word_1_90' title='bbox 1821 1124 2184 1213; x_wconf 77' lang='lat' dir='ltr'>peccatoris</span> <span class='ocrx_word' id='word_1_91' title='bbox 2221 1147 2339 1213; x_wconf 85' lang='lat' dir='ltr'>per</span> <span class='ocrx_word' id='word_1_92' title='bbox 2376 1121 2625 1189; x_wconf 68' lang='lat' dir='ltr'>Christ-12·</span> 
     </span>
     <span class='ocr_line' id='line_1_14' title="bbox 562 1215 2626 1308; baseline -0 -26"><span class='ocrx_word' id='word_1_93' title='bbox 562 1217 757 1283; x_wconf 89' lang='lat' dir='ltr'>solius</span> <span class='ocrx_word' id='word_1_94' title='bbox 778 1216 1221 1283; x_wconf 77' lang='lat' dir='ltr'>obedientiam</span> <span class='ocrx_word' id='word_1_95' title='bbox 1257 1224 1322 1285; x_wconf 85' lang='lat'>&amp;</span> <span class='ocrx_word' id='word_1_96' title='bbox 1359 1215 1563 1282; x_wconf 87' lang='lat' dir='ltr'>fidem</span> <span class='ocrx_word' id='word_1_97' title='bbox 1598 1217 1667 1282; x_wconf 89' lang='lat' dir='ltr'>in</span> <span class='ocrx_word' id='word_1_98' title='bbox 1703 1239 1853 1282; x_wconf 88' lang='lat' dir='ltr'>eum</span> <span class='ocrx_word' id='word_1_99' title='bbox 1873 1263 1895 1295; x_wconf 87' lang='grc'>,</span> <span class='ocrx_word' id='word_1_100' title='bbox 1943 1216 2238 1282; x_wconf 62' lang='grc' dir='ltr'>(ἰοθεῑὶηα</span> <span class='ocrx_word' id='word_1_101' title='bbox 2281 1216 2626 1308; x_wconf 74' lang='lat' dir='ltr'>papalibus</span> 
     </span>
     <span class='ocr_line' id='line_1_15' title="bbox 561 1308 2628 1402; baseline -0 -24"><span class='ocrx_word' id='word_1_102' title='bbox 561 1310 991 1402; x_wconf 80' lang='lat' dir='ltr'>indulgentiis</span> <span class='ocrx_word' id='word_1_103' title='bbox 1010 1308 1553 1399; x_wconf 84' lang='lat' dir='ltr'>quaestuofiffimis</span> <span class='ocrx_word' id='word_1_104' title='bbox 1572 1309 1876 1401; x_wconf 83' lang='lat' dir='ltr'>opposita</span> <span class='ocrx_word' id='word_1_105' title='bbox 1894 1310 2354 1389; x_wconf 78' lang='lat' dir='ltr'>restitueretur,</span> <span class='ocrx_word' id='word_1_106' title='bbox 2375 1319 2439 1381; x_wconf 59' lang='grc' dir='ltr'>ὃς</span> <span class='ocrx_word' id='word_1_107' title='bbox 2460 1311 2628 1379; x_wconf 77' lang='lat' dir='ltr'>Pon-</span> 
     </span>
     <span class='ocr_line' id='line_1_16' title="bbox 563 1403 2627 1495; baseline -0.002 -21"><span class='ocrx_word' id='word_1_108' title='bbox 563 1404 733 1475; x_wconf 84' lang='lat' dir='ltr'>tifici</span> <span class='ocrx_word' id='word_1_109' title='bbox 749 1403 871 1495; x_wconf 76' lang='lat' dir='ltr'>izpfi</span> <span class='ocrx_word' id='word_1_110' title='bbox 891 1426 1147 1470; x_wconf 82' lang='lat' dir='ltr'>coronae</span> <span class='ocrx_word' id='word_1_111' title='bbox 1166 1451 1188 1481; x_wconf 82' lang='grc'>,</span> <span class='ocrx_word' id='word_1_112' title='bbox 1209 1403 1691 1494; x_wconf 84' lang='lat' dir='ltr'>Monachisque</span> <span class='ocrx_word' id='word_1_113' title='bbox 1709 1422 1962 1471; x_wconf 85' lang='lat' dir='ltr'>ventres</span> <span class='ocrx_word' id='word_1_114' title='bbox 1998 1405 2421 1472; x_wconf 78' lang='lat' dir='ltr'>auferrentur.</span> <span class='ocrx_word' id='word_1_115' title='bbox 2456 1407 2627 1492; x_wconf 82' lang='lat' dir='ltr'>Qae</span> 
     </span>
     <span class='ocr_line' id='line_1_17' title="bbox 566 1497 2630 1589; baseline 0 -24"><span class='ocrx_word' id='word_1_116' title='bbox 566 1499 705 1565; x_wconf 90' lang='lat' dir='ltr'>duo</span> <span class='ocrx_word' id='word_1_117' title='bbox 726 1497 943 1564; x_wconf 85' lang='lat' dir='ltr'>feciffe</span> <span class='ocrx_word' id='word_1_118' title='bbox 963 1498 1237 1565; x_wconf 86' lang='lat' dir='ltr'>Lutheri</span> <span class='ocrx_word' id='word_1_119' title='bbox 1255 1516 1524 1589; x_wconf 85' lang='lat' dir='ltr'>peccata</span> <span class='ocrx_word' id='word_1_120' title='bbox 1545 1544 1565 1576; x_wconf 84' lang='grc'>,</span> <span class='ocrx_word' id='word_1_121' title='bbox 1615 1499 1903 1588; x_wconf 85' lang='lat' dir='ltr'>Principi</span> <span class='ocrx_word' id='word_1_122' title='bbox 1925 1499 2191 1566; x_wconf 83' lang='lat' dir='ltr'>cuidam</span> <span class='ocrx_word' id='word_1_123' title='bbox 2207 1500 2295 1565; x_wconf 90' lang='lat' dir='ltr'>de</span> <span class='ocrx_word' id='word_1_124' title='bbox 2311 1524 2392 1566; x_wconf 92' lang='lat' dir='ltr'>eo</span> <span class='ocrx_word' id='word_1_125' title='bbox 2427 1499 2630 1566; x_wconf 79' lang='lat' dir='ltr'>scisci-</span> 
     </span>
     <span class='ocr_line' id='line_1_18' title="bbox 564 1589 2628 1682; baseline 0.001 -24"><span class='ocrx_word' id='word_1_126' title='bbox 564 1593 767 1664; x_wconf 85' lang='lat' dir='ltr'>tanti,</span> <span class='ocrx_word' id='word_1_127' title='bbox 813 1589 1045 1659; x_wconf 81' lang='lat' dir='ltr'>festive</span> <span class='ocrx_word' id='word_1_128' title='bbox 1080 1591 1380 1658; x_wconf 85' lang='lat' dir='ltr'>Erasmus</span> <span class='ocrx_word' id='word_1_129' title='bbox 1415 1592 1768 1682; x_wconf 86' lang='lat' dir='ltr'>respondit.</span> <span class='ocrx_word' id='word_1_130' title='bbox 1819 1592 2215 1681; x_wconf 72' lang='lat' dir='ltr'>Frustraque</span> <span class='ocrx_word' id='word_1_131' title='bbox 2234 1594 2342 1659; x_wconf 85' lang='lat' dir='ltr'>hic</span> <span class='ocrx_word' id='word_1_132' title='bbox 2366 1595 2505 1661; x_wconf 89' lang='lat' dir='ltr'>Leo</span> <span class='ocrx_word' id='word_1_133' title='bbox 2540 1595 2628 1660; x_wconf 84' lang='lat' dir='ltr'>ad</span> 
     </span>
     <span class='ocr_line' id='line_1_19' title="bbox 566 1684 2628 1776; baseline 0.001 -25"><span class='ocrx_word' id='word_1_134' title='bbox 566 1685 783 1752; x_wconf 84' lang='lat' dir='ltr'>solitas</span> <span class='ocrx_word' id='word_1_135' title='bbox 804 1684 1237 1752; x_wconf 82' lang='lat' dir='ltr'>Pontificibus</span> <span class='ocrx_word' id='word_1_136' title='bbox 1256 1704 1420 1752; x_wconf 87' lang='lat' dir='ltr'>artes</span> <span class='ocrx_word' id='word_1_137' title='bbox 1442 1685 1784 1752; x_wconf 84' lang='lat' dir='ltr'>conversus</span> <span class='ocrx_word' id='word_1_138' title='bbox 1804 1732 1823 1765; x_wconf 84' lang='lat'>,</span> <span class='ocrx_word' id='word_1_139' title='bbox 1846 1687 2212 1752; x_wconf 81' lang='lat' dir='ltr'>Lutherum</span> <span class='ocrx_word' id='word_1_140' title='bbox 2228 1736 2249 1758; x_wconf 47' lang='lat'>›,</span> <span class='ocrx_word' id='word_1_141' title='bbox 2266 1687 2628 1776; x_wconf 79' lang='lat' dir='ltr'>omnesque</span> 
     </span>
     <span class='ocr_line' id='line_1_20' title="bbox 563 1778 2631 1869; baseline 0.001 -25"><span class='ocrx_word' id='word_1_142' title='bbox 563 1781 631 1844; x_wconf 81' lang='lat' dir='ltr'>ei</span> <span class='ocrx_word' id='word_1_143' title='bbox 648 1779 1049 1845; x_wconf 79' lang='lat' dir='ltr'>adhaerentes</span> <span class='ocrx_word' id='word_1_144' title='bbox 1069 1780 1477 1847; x_wconf 85' lang='lat' dir='ltr'>anathemate</span> <span class='ocrx_word' id='word_1_145' title='bbox 1495 1778 1821 1869; x_wconf 81' lang='lat' dir='ltr'>percussit.</span> <span class='ocrx_word' id='word_1_146' title='bbox 1873 1780 2041 1846; x_wconf 89' lang='lat' dir='ltr'>Non</span> <span class='ocrx_word' id='word_1_147' title='bbox 2060 1783 2318 1846; x_wconf 76' lang='lat' dir='ltr'>tantum</span> <span class='ocrx_word' id='word_1_148' title='bbox 2354 1783 2529 1846; x_wconf 89' lang='lat' dir='ltr'>enim</span> <span class='ocrx_word' id='word_1_149' title='bbox 2565 1803 2631 1845; x_wconf 75' lang='lat' dir='ltr'>a·</span> 
     </span>
     <span class='ocr_line' id='line_1_21' title="bbox 568 1870 2632 1962; baseline 0 -24"><span class='ocrx_word' id='word_1_150' title='bbox 568 1872 874 1939; x_wconf 82' lang='lat' dir='ltr'>nathema</span> <span class='ocrx_word' id='word_1_151' title='bbox 893 1895 1013 1938; x_wconf 87' lang='lat' dir='ltr'>ceu</span> <span class='ocrx_word' id='word_1_152' title='bbox 1032 1873 1297 1941; x_wconf 90' lang='lat' dir='ltr'>brutum</span> <span class='ocrx_word' id='word_1_153' title='bbox 1317 1873 1659 1962; x_wconf 86' lang='lat' dir='ltr'>quoddam</span> <span class='ocrx_word' id='word_1_154' title='bbox 1680 1870 1931 1940; x_wconf 82' lang='lat' dir='ltr'>fulmen</span> <span class='ocrx_word' id='word_1_155' title='bbox 1949 1922 1965 1945; x_wconf 91' lang='lat'>‚</span> <span class='ocrx_word' id='word_1_156' title='bbox 1993 1885 2143 1940; x_wconf 81' lang='lat' dir='ltr'>&#39;non</span> <span class='ocrx_word' id='word_1_157' title='bbox 2181 1891 2315 1940; x_wconf 89' lang='lat' dir='ltr'>tam</span> <span class='ocrx_word' id='word_1_158' title='bbox 2335 1875 2402 1940; x_wconf 90' lang='lat' dir='ltr'>in</span> <span class='ocrx_word' id='word_1_159' title='bbox 2423 1874 2632 1941; x_wconf 88' lang='lat' dir='ltr'>homi-</span> 
     </span>
     <span class='ocr_line' id='line_1_22' title="bbox 567 1965 2631 2056; baseline 0.001 -24"><span class='ocrx_word' id='word_1_160' title='bbox 567 1986 682 2033; x_wconf 79' lang='lat' dir='ltr'>nes.</span> <span class='ocrx_word' id='word_1_161' title='bbox 701 2013 723 2045; x_wconf 82' lang='grc'>,</span> <span class='ocrx_word' id='word_1_162' title='bbox 769 1968 973 2056; x_wconf 76' lang='lat' dir='ltr'>quam</span> <span class='ocrx_word' id='word_1_163' title='bbox 992 1968 1061 2032; x_wconf 88' lang='lat' dir='ltr'>in</span> <span class='ocrx_word' id='word_1_164' title='bbox 1082 1966 1422 2034; x_wconf 87' lang='lat' dir='ltr'>Christum</span> <span class='ocrx_word' id='word_1_165' title='bbox 1441 1965 1657 2056; x_wconf 90' lang='lat' dir='ltr'>ipsum</span> <span class='ocrx_word' id='word_1_166' title='bbox 1675 2012 1695 2045; x_wconf 70' lang='lat'>³</span> <span class='ocrx_word' id='word_1_167' title='bbox 1743 1983 1981 2056; x_wconf 86' lang='lat' dir='ltr'>utpote</span> <span class='ocrx_word' id='word_1_168' title='bbox 2000 1970 2183 2056; x_wconf 88' lang='lat' dir='ltr'>cujus</span> <span class='ocrx_word' id='word_1_169' title='bbox 2219 1967 2455 2034; x_wconf 88' lang='lat' dir='ltr'>honori</span> <span class='ocrx_word' id='word_1_170' title='bbox 2487 1970 2631 2052; x_wconf 61' lang='lat' dir='ltr'>vin7</span> 
     </span>
     <span class='ocr_line' id='line_1_23' title="bbox 570 2060 2629 2151; baseline 0.002 -27"><span class='ocrx_word' id='word_1_171' title='bbox 570 2061 858 2127; x_wconf 83' lang='lat' dir='ltr'>dicando</span> <span class='ocrx_word' id='word_1_172' title='bbox 878 2068 944 2128; x_wconf 86' lang='lat'>&amp;</span> <span class='ocrx_word' id='word_1_173' title='bbox 962 2060 1437 2151; x_wconf 87' lang='lat' dir='ltr'>amplificando</span> <span class='ocrx_word' id='word_1_174' title='bbox 1456 2062 1692 2128; x_wconf 89' lang='lat' dir='ltr'>merito</span> <span class='ocrx_word' id='word_1_175' title='bbox 1711 2061 1905 2127; x_wconf 76' lang='lat' dir='ltr'>unice</span> <span class='ocrx_word' id='word_1_176' title='bbox 1923 2062 2190 2151; x_wconf 86' lang='lat' dir='ltr'>piorum</span> <span class='ocrx_word' id='word_1_177' title='bbox 2226 2060 2437 2128; x_wconf 88' lang='lat' dir='ltr'>studia</span> <span class='ocrx_word' id='word_1_178' title='bbox 2468 2062 2629 2129; x_wconf 89' lang='lat' dir='ltr'>veli-</span> 
     </span>
     <span class='ocr_line' id='line_1_24' title="bbox 578 2152 2629 2245; baseline 0.002 -27"><span class='ocrx_word' id='word_1_179' title='bbox 578 2152 938 2220; x_wconf 88' lang='lat' dir='ltr'>ficabantur</span> <span class='ocrx_word' id='word_1_180' title='bbox 956 2201 977 2232; x_wconf 84' lang='grc'>,</span> <span class='ocrx_word' id='word_1_181' title='bbox 1014 2154 1331 2243; x_wconf 53' lang='lat' dir='ltr'>pitanam</span> <span class='ocrx_word' id='word_1_182' title='bbox 1347 2192 1351 2195; x_wconf 57' lang='lat'>&lt;</span> <span class='ocrx_word' id='word_1_183' title='bbox 1367 2154 1579 2245; x_wconf 86' lang='lat' dir='ltr'>sperni</span> <span class='ocrx_word' id='word_1_184' title='bbox 1598 2191 1617 2234; x_wconf 77' lang='lat'>3</span> <span class='ocrx_word' id='word_1_185' title='bbox 1664 2155 1777 2221; x_wconf 83' lang='lat' dir='ltr'>sed</span> <span class='ocrx_word' id='word_1_186' title='bbox 1810 2156 2008 2221; x_wconf 84' lang='lat' dir='ltr'>etiam</span> <span class='ocrx_word' id='word_1_187' title='bbox 2045 2154 2243 2221; x_wconf 82' lang='lat' dir='ltr'>Sedes</span> <span class='ocrx_word' id='word_1_188' title='bbox 2282 2156 2588 2223; x_wconf 87' lang='lat' dir='ltr'>Romana</span> <span class='ocrx_word' id='word_1_189' title='bbox 2610 2204 2629 2229; x_wconf 87' lang='lat'>‚</span> 
     </span>
     <span class='ocr_line' id='line_1_25' title="bbox 576 2243 2631 2341; baseline 0.004 -32"><span class='ocrx_word' id='word_1_190' title='bbox 576 2268 691 2311; x_wconf 86' lang='lat' dir='ltr'>ceu</span> <span class='ocrx_word' id='word_1_191' title='bbox 730 2243 969 2326; x_wconf 57' lang='lat' dir='ltr'>what&amp;</span> <span class='ocrx_word' id='word_1_192' title='bbox 1020 2247 1318 2341; x_wconf 85' lang='lat' dir='ltr'>Babylon</span> <span class='ocrx_word' id='word_1_193' title='bbox 1357 2257 1422 2316; x_wconf 86' lang='lat'>&amp;</span> <span class='ocrx_word' id='word_1_194' title='bbox 1442 2248 1733 2315; x_wconf 89' lang='lat' dir='ltr'>Sodoma</span> <span class='ocrx_word' id='word_1_195' title='bbox 1752 2295 1771 2326; x_wconf 82' lang='grc'>,</span> <span class='ocrx_word' id='word_1_196' title='bbox 1816 2272 1891 2314; x_wconf 81' lang='lat' dir='ltr'>ac</span> <span class='ocrx_word' id='word_1_197' title='bbox 1910 2248 2101 2338; x_wconf 84' lang='lat' dir='ltr'>super</span> <span class='ocrx_word' id='word_1_198' title='bbox 2119 2271 2191 2314; x_wconf 84' lang='lat' dir='ltr'>ea</span> <span class='ocrx_word' id='word_1_199' title='bbox 2209 2248 2432 2316; x_wconf 89' lang='lat' dir='ltr'>sedens</span> <span class='ocrx_word' id='word_1_200' title='bbox 2451 2297 2472 2327; x_wconf 84' lang='grc'>,</span> <span class='ocrx_word' id='word_1_201' title='bbox 2508 2273 2631 2317; x_wconf 83' lang='lat' dir='ltr'>ceu</span> 
     </span>
     <span class='ocr_line' id='line_1_26' title="bbox 577 2341 2630 2416; baseline 0.004 -12"><span class='ocrx_word' id='word_1_202' title='bbox 577 2342 1011 2408; x_wconf 86' lang='lat' dir='ltr'>Antichristus</span> <span class='ocrx_word' id='word_1_203' title='bbox 1030 2341 1389 2408; x_wconf 81' lang='lat' dir='ltr'>Verissimus</span> <span class='ocrx_word' id='word_1_204' title='bbox 1411 2341 1770 2408; x_wconf 85' lang='lat' dir='ltr'>certissimis</span> <span class='ocrx_word' id='word_1_205' title='bbox 1789 2343 2049 2409; x_wconf 85' lang='lat' dir='ltr'>indiciis</span> <span class='ocrx_word' id='word_1_206' title='bbox 2069 2342 2508 2416; x_wconf 87' lang='lat' dir='ltr'>demonstrari,</span> <span class='ocrx_word' id='word_1_207' title='bbox 2529 2363 2630 2412; x_wconf 91' lang='lat' dir='ltr'>to-</span> 
     </span>
     <span class='ocr_line' id='line_1_27' title="bbox 575 2433 2630 2526; baseline 0.003 -30"><span class='ocrx_word' id='word_1_208' title='bbox 575 2433 658 2496; x_wconf 86' lang='lat' dir='ltr'>tis</span> <span class='ocrx_word' id='word_1_209' title='bbox 694 2433 938 2500; x_wconf 86' lang='lat' dir='ltr'>viribus</span> <span class='ocrx_word' id='word_1_210' title='bbox 974 2438 1389 2526; x_wconf 75' lang='lat' dir='ltr'>oppugnari,</span> <span class='ocrx_word' id='word_1_211' title='bbox 1437 2444 1501 2504; x_wconf 86' lang='lat'>&amp;</span> <span class='ocrx_word' id='word_1_212' title='bbox 1520 2435 1796 2502; x_wconf 82' lang='lat' dir='ltr'>viciffim</span> <span class='ocrx_word' id='word_1_213' title='bbox 1815 2436 2109 2502; x_wconf 85' lang='lat' dir='ltr'>damnari</span> <span class='ocrx_word' id='word_1_214' title='bbox 2128 2474 2145 2517; x_wconf 75' lang='lat'>3</span> <span class='ocrx_word' id='word_1_215' title='bbox 2194 2436 2500 2506; x_wconf 86' lang='lat' dir='ltr'>Romana</span> <span class='ocrx_word' id='word_1_216' title='bbox 2514 2438 2630 2504; x_wconf 65' lang='lat' dir='ltr'>&gt;de-</span> 
     </span>
     <span class='ocr_line' id='line_1_28' title="bbox 579 2525 2629 2621; baseline 0.002 -31"><span class='ocrx_word' id='word_1_217' title='bbox 579 2525 777 2613; x_wconf 81' lang='lat' dir='ltr'>nique</span> <span class='ocrx_word' id='word_1_218' title='bbox 810 2526 1176 2617; x_wconf 81' lang='lat' dir='ltr'>superstitio</span> <span class='ocrx_word' id='word_1_219' title='bbox 1196 2577 1217 2608; x_wconf 82' lang='grc'>,</span> <span class='ocrx_word' id='word_1_220' title='bbox 1262 2530 1635 2596; x_wconf 86' lang='lat' dir='ltr'>idololatria</span> <span class='ocrx_word' id='word_1_221' title='bbox 1669 2538 1736 2598; x_wconf 68' lang='grc' dir='ltr'>ὃς</span> <span class='ocrx_word' id='word_1_222' title='bbox 1770 2532 2073 2621; x_wconf 84' lang='lat' dir='ltr'>impietas</span> <span class='ocrx_word' id='word_1_223' title='bbox 2091 2526 2158 2596; x_wconf 87' lang='lat' dir='ltr'>in</span> <span class='ocrx_word' id='word_1_224' title='bbox 2174 2548 2468 2620; x_wconf 78' lang='lat' dir='ltr'>apertam</span> <span class='ocrx_word' id='word_1_225' title='bbox 2488 2531 2629 2596; x_wconf 90' lang='lat' dir='ltr'>ubi-</span> 
     </span>
     <span class='ocr_line' id='line_1_29' title="bbox 576 2618 2633 2714; baseline 0.004 -33"><span class='ocrx_word' id='word_1_226' title='bbox 576 2640 709 2704; x_wconf 88' lang='lat' dir='ltr'>que</span> <span class='ocrx_word' id='word_1_227' title='bbox 747 2618 1019 2687; x_wconf 85' lang='lat' dir='ltr'>Scenam</span> <span class='ocrx_word' id='word_1_228' title='bbox 1051 2624 1337 2711; x_wconf 78' lang='lat' dir='ltr'>produ-ci</span> <span class='ocrx_word' id='word_1_229' title='bbox 1355 2673 1370 2696; x_wconf 88' lang='lat'>‚</span> <span class='ocrx_word' id='word_1_230' title='bbox 1419 2626 1763 2702; x_wconf 76' lang='lat' dir='ltr'>convinci,</span> <span class='ocrx_word' id='word_1_231' title='bbox 1805 2621 1876 2692; x_wconf 72' lang='grc' dir='ltr'>’δε</span> <span class='ocrx_word' id='word_1_232' title='bbox 1896 2648 2018 2714; x_wconf 88' lang='lat' dir='ltr'>pro</span> <span class='ocrx_word' id='word_1_233' title='bbox 2036 2648 2116 2689; x_wconf 94' lang='lat' dir='ltr'>eo</span> <span class='ocrx_word' id='word_1_234' title='bbox 2134 2642 2333 2711; x_wconf 85' lang='lat' dir='ltr'>atque</span> <span class='ocrx_word' id='word_1_235' title='bbox 2349 2624 2633 2690; x_wconf 86' lang='lat' dir='ltr'>mereba-</span> 
     </span>
     <span class='ocr_line' id='line_1_30' title="bbox 576 2715 2633 2807; baseline 0.006 -34"><span class='ocrx_word' id='word_1_236' title='bbox 576 2727 722 2787; x_wconf 81' lang='lat' dir='ltr'>tur,</span> <span class='ocrx_word' id='word_1_237' title='bbox 766 2715 1079 2803; x_wconf 80' lang='lat' dir='ltr'>exagitari</span> <span class='ocrx_word' id='word_1_238' title='bbox 1114 2719 1341 2807; x_wconf 88' lang='lat' dir='ltr'>coepit.</span> <span class='ocrx_word' id='word_1_239' title='bbox 1407 2716 1827 2807; x_wconf 83' lang='lat' dir='ltr'>Durabitque</span> <span class='ocrx_word' id='word_1_240' title='bbox 1860 2718 2110 2785; x_wconf 87' lang='lat' dir='ltr'>sacrum</span> <span class='ocrx_word' id='word_1_241' title='bbox 2142 2715 2312 2784; x_wconf 86' lang='lat' dir='ltr'>illud</span> <span class='ocrx_word' id='word_1_242' title='bbox 2343 2715 2592 2785; x_wconf 90' lang='lat' dir='ltr'>bellum</span> <span class='ocrx_word' id='word_1_243' title='bbox 2612 2765 2633 2798; x_wconf 83' lang='lat'><em>‚</em></span> 
     </span>
     <span class='ocr_line' id='line_1_31' title="bbox 581 2807 2634 2903; baseline 0.007 -38"><span class='ocrx_word' id='word_1_244' title='bbox 581 2822 718 2887; x_wconf 86' lang='lat' dir='ltr'>quo</span> <span class='ocrx_word' id='word_1_245' title='bbox 737 2826 853 2890; x_wconf 84' lang='lat' dir='ltr'>per</span> <span class='ocrx_word' id='word_1_246' title='bbox 878 2807 1197 2894; x_wconf 85' lang='lat' dir='ltr'>Spiritum</span> <span class='ocrx_word' id='word_1_247' title='bbox 1215 2812 1343 2876; x_wconf 91' lang='lat' dir='ltr'>oris</span> <span class='ocrx_word' id='word_1_248' title='bbox 1366 2810 1611 2877; x_wconf 81' lang='lat' dir='ltr'>Christi</span> <span class='ocrx_word' id='word_1_249' title='bbox 1631 2813 1930 2902; x_wconf 76' lang='lat' dir='ltr'>perditus</span> <span class='ocrx_word' id='word_1_250' title='bbox 1950 2810 2058 2877; x_wconf 90' lang='lat' dir='ltr'>ille</span> <span class='ocrx_word' id='word_1_251' title='bbox 2093 2819 2158 2880; x_wconf 67' lang='lat' dir='ltr'>Sc</span> <span class='ocrx_word' id='word_1_252' title='bbox 2193 2812 2470 2903; x_wconf 84' lang='lat' dir='ltr'>perdens</span> <span class='ocrx_word' id='word_1_253' title='bbox 2507 2830 2634 2879; x_wconf 89' lang='lat' dir='ltr'>ter-</span> 
     </span>
     <span class='ocr_line' id='line_1_32' title="bbox 579 2896 2634 2989; baseline 0.009 -36"><span class='ocrx_word' id='word_1_254' title='bbox 579 2915 716 2955; x_wconf 85' lang='lat' dir='ltr'>ram</span> <span class='ocrx_word' id='word_1_255' title='bbox 735 2896 1051 2981; x_wconf 85' lang='lat' dir='ltr'>paulatim</span> <span class='ocrx_word' id='word_1_256' title='bbox 1069 2901 1365 2970; x_wconf 78' lang='lat' dir='ltr'>aboletur</span> <span class='ocrx_word' id='word_1_257' title='bbox 1399 2912 1463 2972; x_wconf 85' lang='lat'>&amp;</span> <span class='ocrx_word' id='word_1_258' title='bbox 1500 2905 1903 2973; x_wconf 65' lang='lat' dir='ltr'>confiimitur</span> <span class='ocrx_word' id='word_1_259' title='bbox 1921 2952 1942 2983; x_wconf 80' lang='grc'>,</span> <span class='ocrx_word' id='word_1_260' title='bbox 1970 2906 2202 2971; x_wconf 70' lang='lat' dir='ltr'>-do&#39;nec</span> <span class='ocrx_word' id='word_1_261' title='bbox 2224 2903 2521 2972; x_wconf 82' lang='lat' dir='ltr'>Christus</span> <span class='ocrx_word' id='word_1_262' title='bbox 2558 2903 2634 2989; x_wconf 68' lang='grc' dir='ltr'>τ’ξὶ</span> 
     </span>
     <span class='ocr_line' id='line_1_33' title="bbox 582 2981 2629 3088; baseline 0.005 -28"><span class='ocrx_word' id='word_1_263' title='bbox 582 2981 901 3068; x_wconf 43' lang='lat' dir='ltr'>&amp;omia-</span> <span class='ocrx_word' id='word_1_264' title='bbox 918 2982 964 3052; x_wconf 50' lang='grc' dir='ltr'><strong><em>ὅ</em></strong></span> <span class='ocrx_word' id='word_1_265' title='bbox 990 2993 1274 3078; x_wconf 60' lang='lat' dir='ltr'>mapsa-inas·</span> <span class='ocrx_word' id='word_1_266' title='bbox 1320 3021 1469 3063; x_wconf 90' lang='lat' dir='ltr'>eum</span> <span class='ocrx_word' id='word_1_267' title='bbox 1508 3000 1768 3088; x_wconf 83' lang='lat' dir='ltr'>penitus</span> <span class='ocrx_word' id='word_1_268' title='bbox 1804 2998 2091 3065; x_wconf 87' lang='lat' dir='ltr'>abolebit</span> <span class='ocrx_word' id='word_1_269' title='bbox 2110 3046 2129 3077; x_wconf 87' lang='grc'>,</span> <span class='ocrx_word' id='word_1_270' title='bbox 2171 2997 2487 3066; x_wconf 80' lang='lat' dir='ltr'>conficiet</span> <span class='ocrx_word' id='word_1_271' title='bbox 2506 3045 2527 3078; x_wconf 85' lang='grc'>,</span> <span class='ocrx_word' id='word_1_272' title='bbox 2562 3007 2629 3070; x_wconf 73' lang='grc' dir='ltr'>δε</span> 
     </span>
     <span class='ocr_line' id='line_1_34' title="bbox 577 3081 2399 3181; baseline 0.007 -37"><span class='ocrx_word' id='word_1_273' title='bbox 577 3100 735 3144; x_wconf 88' lang='lat' dir='ltr'>orco</span> <span class='ocrx_word' id='word_1_274' title='bbox 751 3125 779 3175; x_wconf 58' lang='lat'>²·</span> <span class='ocrx_word' id='word_1_275' title='bbox 807 3081 985 3180; x_wconf 78' lang='lat' dir='ltr'>unde</span> <span class='ocrx_word' id='word_1_276' title='bbox 1002 3106 1200 3174; x_wconf 88' lang='lat' dir='ltr'>caput</span> <span class='ocrx_word' id='word_1_277' title='bbox 1217 3089 1404 3155; x_wconf 89' lang='lat' dir='ltr'>suum</span> <span class='ocrx_word' id='word_1_278' title='bbox 1423 3091 1660 3159; x_wconf 80' lang='lat' dir='ltr'>extulit</span> <span class='ocrx_word' id='word_1_279' title='bbox 1679 3140 1700 3171; x_wconf 81' lang='grc'>,</span> <span class='ocrx_word' id='word_1_280' title='bbox 1735 3111 1956 3161; x_wconf 88' lang='lat' dir='ltr'>totum</span> <span class='ocrx_word' id='word_1_281' title='bbox 1975 3091 2399 3181; x_wconf 85' lang='lat' dir='ltr'>adjudicabit.</span> 
     </span>
    </p>

    <p class='ocr_par' dir='ltr' id='par_1_5' title="bbox 654 3172 2632 3275">
     <span class='ocr_line' id='line_1_35' title="bbox 654 3172 2632 3275; baseline 0.006 -38"><span class='ocrx_word' id='word_1_282' title='bbox 654 3172 731 3237; x_wconf 28' lang='lat' dir='ltr'>‘C</span> <span class='ocrx_word' id='word_1_283' title='bbox 750 3173 812 3251; x_wconf 69' lang='lat' dir='ltr'>,L</span> <span class='ocrx_word' id='word_1_284' title='bbox 836 3173 869 3246; x_wconf 87' lang='lat' dir='ltr'>I</span> <span class='ocrx_word' id='word_1_285' title='bbox 892 3173 977 3240; x_wconf 90' lang='lat' dir='ltr'>V.</span> <span class='ocrx_word' id='word_1_286' title='bbox 1026 3176 1255 3261; x_wconf 72' lang='lat' dir='ltr'>Qialis</span> <span class='ocrx_word' id='word_1_287' title='bbox 1279 3179 1476 3249; x_wconf 89' lang='lat' dir='ltr'>fuerit</span> <span class='ocrx_word' id='word_1_288' title='bbox 1499 3187 1637 3252; x_wconf 93' lang='lat' dir='ltr'>Leo</span> <span class='ocrx_word' id='word_1_289' title='bbox 1655 3186 1766 3253; x_wconf 86' lang='lat' dir='ltr'>ille</span> <span class='ocrx_word' id='word_1_290' title='bbox 1784 3185 1954 3265; x_wconf 49' lang='lat' dir='ltr'>{sub</span> <span class='ocrx_word' id='word_1_291' title='bbox 1973 3208 2110 3275; x_wconf 90' lang='lat' dir='ltr'>quo</span> <span class='ocrx_word' id='word_1_292' title='bbox 2129 3233 2150 3264; x_wconf 86' lang='grc'>,</span> <span class='ocrx_word' id='word_1_293' title='bbox 2183 3194 2251 3255; x_wconf 67' lang='grc' dir='ltr'>ὃς</span> <span class='ocrx_word' id='word_1_294' title='bbox 2289 3209 2428 3275; x_wconf 89' lang='lat' dir='ltr'>quo</span> <span class='ocrx_word' id='word_1_295' title='bbox 2448 3208 2632 3253; x_wconf 78' lang='lat' dir='ltr'>occa-</span> 
     </span>
    </p>
   </div>
   <div class='ocr_carea' id='block_1_5' title="bbox 257 3265 2627 3373">
    <p class='ocr_par' dir='ltr' id='par_1_6' title="bbox 257 3265 2627 3373">
     <span class='ocr_line' id='line_1_36' title="bbox 257 3265 2627 3373; baseline 0.003 -38"><span class='ocrx_word' id='word_1_296' title='bbox 257 3304 444 3365; x_wconf 42' lang='grc' dir='ltr'>Μέση,</span> <span class='ocrx_word' id='word_1_297' title='bbox 470 3315 567 3364; x_wconf 56' lang='grc' dir='ltr'>Ρη-</span> <span class='ocrx_word' id='word_1_298' title='bbox 628 3289 823 3334; x_wconf 89' lang='lat' dir='ltr'>onem</span> <span class='ocrx_word' id='word_1_299' title='bbox 842 3265 1171 3358; x_wconf 82' lang='lat' dir='ltr'>praeben-te</span> <span class='ocrx_word' id='word_1_300' title='bbox 1188 3315 1212 3349; x_wconf 62' lang='lat' dir='ltr'>a</span> <span class='ocrx_word' id='word_1_301' title='bbox 1257 3269 1558 3341; x_wconf 84' lang='lat' dir='ltr'>Ecclefiae</span> <span class='ocrx_word' id='word_1_302' title='bbox 1582 3278 1701 3346; x_wconf 85' lang='lat' dir='ltr'>diu</span> <span class='ocrx_word' id='word_1_303' title='bbox 1719 3278 2060 3373; x_wconf 78' lang='lat' dir='ltr'>Babylone</span> <span class='ocrx_word' id='word_1_304' title='bbox 2081 3280 2361 3371; x_wconf 77' lang='lat' dir='ltr'>captivae</span> <span class='ocrx_word' id='word_1_305' title='bbox 2380 3278 2627 3346; x_wconf 83' lang='lat' dir='ltr'>Divina</span> 
     </span>
    </p>
   </div>
   <div class='ocr_carea' id='block_1_6' title="bbox 2472 3367 2629 3435">
    <p class='ocr_par' dir='ltr' id='par_1_7' title="bbox 2472 3367 2629 3435">
     <span class='ocr_line' id='line_1_37' title="bbox 2472 3367 2629 3435; baseline 0.013 -2"><span class='ocrx_word' id='word_1_306' title='bbox 2472 3367 2629 3435; x_wconf 86' lang='lat' dir='ltr'>libe-</span> 
     </span>
    </p>
   </div>
  </div>
 </body>
</html>
