2678 3646
467 140 1085 223 PERIODUS
1134 117 1680 223 SEPTIMA.
1978 178 2146 248 4312

47 269 231 340 culos
250 268 337 338 de
349 266 746 363 Apostolatu
768 274 834 339 ὅ(
851 265 1379 336 Hildebrandina
1399 271 1702 361 potentia
1722 272 1776 364 ej
1787 271 1951 347 us,T
1960 296 2152 340 ranst

45 365 575 435 substantiatione
594 411 615 445 ,
651 361 1047 456 Purgatorio
1067 410 1087 443 ,
1123 362 1599 457 Indulgentiis,
1624 365 2124 461 ReliquiiS.Ju-

47 460 438 530 stificatione
458 459 655 552 Papae
674 466 740 528 &
762 457 1222 526 Cardinalium
1242 481 1363 550 per
1380 462 1609 529 merita
1629 485 1908 554 operum
1930 510 1951 544 ,
1969 464 2145 530 alia--

47 579 182 648 que
215 550 1094 646 ejusmodi,Sapientiflimae
1123 599 1145 632 ,
1189 561 1254 622 &
1293 552 1528 642 πςόπω
1564 557 1609 628 Ε
1645 552 2143 629 kriwa-ocula·-

46 669 130 718 tae
170 650 448 743 Reginae
468 649 869 741 persuadere.
920 646 1247 718 Velenim
1265 652 1419 715 talia
1439 674 1780 742 nunquam
1799 699 1821 732 ,
1867 654 1975 721 vel
1996 645 2127 720 dif-

48 744 308 813 ficulter
341 744 707 815 admodum
726 741 1012 810 credidit
1028 792 1047 816 ,
1066 798 1071 801 .
1093 741 1405 811 credetve
1424 769 1738 837 unquam.
2144 780 2153 789 ·

136 840 201 906 C
226 840 291 907 C
316 841 372 906 L
394 840 462 907 X
488 839 575 906 X.
625 840 851 928 Qiam
886 836 1064 929 pleni
1102 836 1291 905 bonae
1324 841 1461 930 spei
1481 864 1600 931 per
1618 842 1803 909 initia
1823 841 2112 933 Papatus
2144 867 2340 932 ejusaem
2365 872 2457 918 «τι

47 933 411 1002 Alexandri
444 955 671 1000 omnes
708 930 998 1012 fuerint,
1039 929 1182 1000 fore
1216 931 1500 1013 scilicet,
1535 954 1610 1002 ut
1645 953 1970 1027 temperet
2003 935 2117 1002 sibi
2138 934 2421 996 tax-epotis

45 1029 126 1094 ab
153 1027 449 1095 Ecclesiae
469 1028 656 1094 bonis
675 1030 742 1094 in
766 1028 1073 1118 Nepotes
1094 1035 1158 1095 δε
1177 1026 1692 1119 consanguineos
1707 1029 2123 1121 -profunden-
2139 1017 2232 1049 ’Μ’
2250 1034 2263 1056 ’

47 1124 148 1189 dis
168 1170 188 1201 ,
223 1122 413 1214 supra
450 1123 912 1190 assentatorum
947 1123 1084 1211 ejus
1124 1145 1254 1187 non
1292 1145 1491 1190 nemo
1524 1125 1850 1214 prodidit..
1910 1124 2145 1193 Facu-—

42 1216 172 1283 lam
205 1220 570 1306 quinetiam
589 1217 776 1283 bonae
795 1214 932 1307 spei
951 1213 1334 1285 nonnullam
1356 1219 1657 1284 accendit
1677 1218 1814 1309 ipse
1834 1219 2116 1286 Alexan·
2212 1245 2219 1247 ’

46 1312 202 1389 der,
249 1312 520 1402 quando
539 1310 780 1377 electus
817 1311 995 1401 Papa
1016 1308 1545 1401 consanguineis,
1582 1335 1662 1379 ne
1697 1314 1991 1380 Romam
2012 1336 2122 1379 ve-

47 1408 261 1472 nirent
297 1405 501 1496 injuff
496 1430 535 1471 u
555 1405 671 1472 suo
690 1404 893 1484 ‚serio
912 1404 1274 1472 interdixit.
1327 1405 1564 1472 Fertur
1584 1408 2145 1496 etiamjuramen--

47 1519 121 1567 to
157 1502 339 1590 apud
377 1498 711 1568 Crucifixi
744 1500 1101 1591 imaginem
1123 1494 1427 1590 deposito
1463 1499 1525 1564 se
1543 1500 1890 1591 obligasse,
1927 1503 2121 1591 quod

46 1617 385 1684 nunquam
443 1596 751 1685 Nepotes
787 1592 933 1661 suos
969 1592 1212 1660 Romae
1249 1611 1646 1683 excepturus
1697 1593 1789 1660 sit.
1825 1595 2122 1687 Jamque

49 1689 422 1756 Cardinalis
460 1685 892 1755 Pallavicinus
911 1690 977 1753 in
998 1690 1135 1777 ejus
1156 1687 1381 1753 laudes
1401 1685 1810 1754 effusissimus
1830 1735 1851 1767 ,
1889 1689 2121 1755 Histo-

47 1785 155 1850 riae
194 1782 490 1852 Concilii
510 1782 898 1849 Tridentini
933 1783 1284 1847 Galeatum
1301 1779 1687 1871 ·l’rologum
1707 1781 2079 1873 praefixerat
2100 1831 2121 1861 ,

49 1900 189 1965 quo
225 1877 583 1944 Alexandri
606 1899 725 1941 ceu
746 1874 986 1964 Angeli
1022 1870 1507 1961 οἱπςοποπολῆνῆε
1532 1875 1881 1943 heroicum
1916 1877 2138 1944 isthoc*

51 1968 333 2061 neglecti
356 1970 426 2036 N
434 1968 742 2060 epotismi
778 1967 1031 2033 facinus
1068 1971 1337 2034 tertium
1375 1969 1580 2059 usque
1614 1971 1682 2035 in
1718 1970 2123 2038 Coelum'tu-

50 2065 148 2131 lit.
197 2086 398 2154 quem
418 2080 661 2129 tamem
684 2109 705 2141 ,
725 2067 878 2131 cum
898 2084 996 2127 res
1015 2062 1216 2127 alium
1238 2062 1437 2153 longe
1459 2083 1771 2130 eventum
1790 2063 2016 2132 sortita·
2032 2065 2124 2130 es·
2151 2104 2156 2107 »

47 2158 142 2225 fet
161 2204 181 2236 ,
228 2182 360 2225 non
382 2156 511 2223 fine
531 2157 789 2247 pudore
808 2163 872 2224 ὅτ
891 2155 1329 2246 impensarum
1341 2156 1592 2245 jactura
1617 2156 1923 2247 (plurima
1944 2161 2120 2225 enim
2148 2203 2150 2205 -

48 2251 217 2319 folia
236 2299 256 2330 ,
264 2255 403 2345 jam
424 2249 724 2342 impr-effa
744 2298 764 2329 ‚
799 2248 1024 2316 laudes
1045 2251 1156 2316 has
1180 2249 1439 2317 fictitias
1459 2250 1909 2320 ebuccinantia
1931 2301 1948 2331 ,
1968 2253 2004 2319 s
2000 2278 2120 2344 up-
2159 2246 2169 2256 ’

54 2348 254 2438 primi
289 2345 681 2427 debuerunt)
720 2367 839 2410 ceu
859 2343 1231 2410 abortivum
1270 2342 1514 2410 foetum
1534 2395 1550 2418 ,
1589 2345 1857 2425 tollere,
1878 2341 2118 2433 &cum
2148 2393 2150 2395 >

56 2441 273 2508 nescio
308 2463 446 2529 quo
467 2439 761 2530 Epilogo
782 2439 1028 2528 Operis
1043 2485 1067 2515 5
1103 2439 1246 2526 (qui
1265 2438 1400 2529 ipse
1430 2459 1647 2506 tamen
1671 2440 1816 2531 post
1836 2461 2118 2509 mortem
2147 2495 2149 2497 .

57 2534 457 2612 Alexandri,
492 2533 715 2600 saltem
734 2534 800 2597 in
824 2532 1056 2598 Latin-a
1091 2533 1384 2598 editione
1404 2532 1712 2624 Baptistae
1747 2536 2123 2603 Giattinio-

57 2629 279 2696 missus
315 2632 513 2695 etiam
551 2625 721 2710 fuit)
761 2645 1169 2692 commutare
1205 2625 1451 2694 neceffe
1486 2628 1733 2695 habuit.
1795 2630 1868 2699 N
1877 2654 1964 2696 on
2001 2631 2120 2698 diu

55 2724 231 2793 enim
251 2723 711 2790 Romanorum
735 2719 1112 2787 credulitati
1126 2719 1501 2789 Alexander
1530 2720 1729 2789 illufit
1744 2760 1766 2804 3
1813 2724 2125 2814 quinimo

16 2882 26 2887 ,
57 2820 173 2884 vix
205 2817 440 2883 exacto
476 2815 905 2883 Pontificatus-
923 2838 1096 2881 anno
1118 2809 1505 2907 Nepotibus
1524 2816 1649 2883 fuis
1664 2835 1946 2907 paternae
1969 2820 2122 2886 cha-

54 2912 267 2979 ritatis
300 2909 508 2976 finum
544 2907 938 3000 ampliffime
974 2909 1224 2999 pand'it.
1303 2908 1526 2976 fimilis
1564 2909 1885 3003 naufrago
1920 2959 1940 2992 ‚
2004 2913 2126 3004 qui

56 3028 304 3079 merces
339 3004 483 3073 suas.
505 3004 747 3093 jactare
781 3002 844 3070 se
880 3001 1219 3077 simula-ns,
1263 3002 1409 3071 funi
1428 3004 1685 3072 easdem
1702 3006 2000 3100 alligavit
2018 3017 2125 3087 ³&

58 3122 256 3165 manu
286 3096 521 3165 funem
555 3098 878 3166 trahendo
912 3097 1205 3165 servavit.
1257 3097 1366 3165 Sic
1401 3101 1678 3168 omnino
1710 3100 2127 3179 Alexander,

58 3191 234 3259 visus
267 3193 582 3285 Nepotes
615 3201 680 3261 &
717 3193 1062 3259 charitates
1097 3192 1237 3259 suas
1273 3193 1500 3260 Roma
1533 3217 1787 3275 arcere,
1835 3205 1912 3266 &·
1934 3198 1971 3263 a
2006 3195 2129 3261 reti

58 3286 178 3356 suo
208 3287 570 3380 piscatorio
600 3286 838 3380 procul
870 3287 1218 3355 amandare
1237 3336 1259 3369 ,
1292 3313 1435 3361 non
1464 3294 1722 3360 tantum
1758 3289 2166 3357 clanculumr⁴

2002 3382 2139 3474 pri-
