2678 3646
44 231 49 235 ἱ
496 140 1110 214 PERIODUS
1159 136 1727 214 SEPTIMA:
2014 158 2154 242 503

65 262 263 337 liceat
284 285 305 328 z
346 263 658 332 omittere
676 281 899 331 tamen
917 263 990 331 id
1010 285 1219 331 unum
1239 260 1461 330 adhuc
1483 309 1506 342 ,
1555 259 1743 354 quod
1762 261 2165 358 impietatis),

64 356 183 424 nisi
218 350 446 433 fall'or,
495 366 562 427 δε
602 359 1008 445 crudelitatis
1045 381 1359 449 numeros
1395 378 1624 425 omnes
1662 355 1902 448 implet
1937 401 1961 436 ³
2022 380 2159 424 non

64 452 445 544 possumus..
477 455 661 522 Cum
683 478 803 522 nec
821 454 1223 522 authoritate
1242 454 1352 521 sua
1372 494 1392 532 5
1414 461 1534 520 nee
1552 451 1920 519 suasionum
1941 451 2161 519 illecess·

60 549 190 622 bris
229 547 377 615 ullis
398 586 416 629 3
464 572 586 616 nec
607 548 1074 641 promissorum
1113 549 1346 629 melle,
1394 569 1515 614 nec
1548 548 2152 616 comminationum

63 645 614 735 cruciatuumque
649 647 952 714 omnium
989 643 1145 712 felle
1180 646 1253 711 id
1289 643 1502 712 hostes
1537 644 1893 734 impetrare
1927 644 1963 710 a
2003 664 2164 710 con-

67 734 413 806 sessoribus
450 739 983 808 constantissimis
1015 740 1273 832 possent
1291 786 1312 818 ,
1352 737 1564 806 'ut'vel
1597 738 1833 829 sponte
1865 736 2161 805 Pnuneri-

61 830 183 902 bus
204 833 332 900 suis
368 835 620 902 abirent
643 881 666 915 ‚
711 835 1127 904 vel-exilium
1160 835 1532 927 vdeligerent
1552 879 1571 913 ,
1616 832 1725 899 vel
1759 831 2151 924 rel-igionem

63 946 397 997 mutarent
416 966 434 1009 3
480 929 676 997 aliam
697 954 1019 1022 quercum
1040 929 1505 998 excutiendam
1525 928 1646 995 rati
1670 975 1690 1007 ‚
1737 930 2040 1019 captivos
2061 926 2150 994 ad

65 1022 364 1114 Templa
399 1022 612 1091 aliave
631 1024 779 1092 loca
804 1077 822 1104 ,
865 1026 1109 1118 quibus
1129 1025 1502 1117 Panaceum
1532 1024 1615 1091 *N
1621 1046 1825 1090 umen
1859 1022 1966 1089 vel
1985 1021 2156 1090 offe-

63 1118 327 1186 rebatur
362 1120 399 1187 a
434 1118 851 1195 sacrificulis„
895 1121 1003 1188 vel
1035 1120 1450 1189 adorandum
1484 1116 1961 1192 ostentabatur,
2010 1119 2158 1185 vio-

58 1212 274 1280 lenter
311 1224 788 1304 pertraxer‘unt.
842 1215 1262 1284 Vidisses*ibi
1298 1214 1796 1281 contentionem
1833 1210 2152 1282 furiosam

59 1307 553 1398 impellentium
589 1312 1109 1402 cogentiumque
1153 1356 1175 1389 ,
1235 1317 1300 1379 &
1336 1330 1420 1374 ex
1469 1306 1744 1374 adverso
1796 1291 2153 1375 certamina

59 1400 534 1472 Con-fefforum
591 1401 784 1494 μέχα
831 1398 1116 1490 οᾶμσέῖῶυ
1165 1406 1244 1471 ad
1271 1407 1602 1495 finguinem
1635 1403 1803 1496 usque·
1830 1401 2150 1469 rel-uetan-

62 1499 268 1564 t'ium!
339 1498 628 1592 Singulis
665 1502 811 1569 fere
840 1501 1074 1569 diebus
1097 1498 1320 1579 Solis,
1369 1497 1544 1564 festis
1572 1543 1593 1576 ,
1640 1506 1708 1566 ὃς
1733 1499 2145 1587 jejuniorum

55 1594 509 1684 temporibus,
533 1593 764 1663 Kellio
796 1620 914 1689 per
947 1613 1231 1665 armatos
1268 1592 1544 1665 milites,
1574 1592 2144 1682 veluti‘proelium

56 1689 338 1761 inituros
365 1736 383 1768 ‚
429 1691 737 1781 captivos
750 1694 860 1758 feu
877 1710 1061 1759 extra
1080 1711 1363 1757 carceres
1383 1686 1750 1756 laborantes
1784 1685 1894 1753 seu
1914 1686 1982 1753 in
2004 1695 2148 1754 car-'-v

61 1783 313 1850 ceribus
335 1783 790 1854 delitescentes
805 1787 1050 1854 adoriri
1068 1784 1319 1864 solitus,
1339 1786 1408 1850 in
1426 1780 1709 1873 Templi
1727 1804 1940 1848 aream
1961 1804 2152 1848 com·

60 1877 321 1968 pellere'
343 1896 620 1946 conatus
654 1880 763 1947 est.
817 1880 1216 1948 Restitant-es
1238 1877 1545 1945 omnibus
1570 1875 1866 1957 viribus,
1907 1900 1989 1943 ex
2010 1881 2155 1943 'car-

64 1972 318 2039 ceribus
355 1991 648 2063 raptatos
669 1974 1058 2065 bipennium
1080 1982 1144 2043 &
1165 1973 1610 2065 sclopetorum
1631 1970 1876 2038 ictibus*
1904 1969 2151 2063 plagis-

62 2090 197 2157 que
232 2067 575 2159 horrendis
594 2114 615 2147 ,
663 2085 855 2137 tanto
870 2069 1276 2161 quandoque
1310 2070 1608 2165 impetu,
1649 2083 1726 2133 ut
1745 2089 1883 2133 uno
1901 2066 2147 2157 impul-

62 2163 133 2229 fu
171 2163 260 2229 ad
293 2161 647 2229 secundam
683 2163 888 2255 usque
919 2211 940 2244 ,
986 2187 1136 2256 quae
1168 2164 1317 2231 atrii
1353 2162 1623 2229 carceris
1660 2179 1837 2240 erat,
1873 2163 2148 2252 januam

57 2257 458 2348 jactarentur
478 2286 498 2337 ·,
546 2259 881 2349 protrusos
900 2259 983 2326 eo
1019 2259 1549 2351 red·egerunt‚ut
1566 2255 2152 2348 humumssprostrass

63 2353 116 2420 ti
152 2371 336 2420 terrae
373 2352 434 2420 fe
451 2351 813 2445 affigerent.
864 2355 1041 2422 Mox
1076 2355 1283 2446 igitur
1318 2351 1576 2443 capillis
1596 2351 1858 2419 'erestos
1878 2350 2147 2419 stante's-

35 2476 37 2478 ·
64 2471 197 2539 que
216 2446 661 2538 sclopetorum
686 2448 964 2542 stimulis
979 2448 1166 2515 lateri
1184 2447 1515 2538 dorsoque
1532 2444 1755 2513 infixis
1777 2495 1796 2526 ,
1815 2469 2150 2539 compun-

30 2554 35 2557 '
66 2542 308 2634 gebant
332 2590 352 2621 ,
397 2542 893 2633 propellebant,
939 2542 1284 2636 raptabant
1301 2543 1571 2615 iterum,
1593 2542 1683 2609 ita
1702 2560 1779 2609 ut
1796 2559 2019 2613 totum
2038 2542 2150 2611 ist·-

63 2638 193 2705 hoc
229 2636 606 2728 Templum
645 2637 857 2705 versus
878 2639 1204 2730 tragicum·
1222 2639 1350 2717 iter
1363 2661 1495 2706 non
1514 2635 1697 2703 aliud
1717 2684 1738 2716 ,
1757 2638 1961 2727 quam
1982 2660 2140 2704 con-

63 2735 258 2800 tinua'
282 2732 591 2824 quaedam
628 2734 1049 2812 cadentium,
1095 2732 1268 2825 aegre
1303 2731 1708 2824 surgentium
1739 2778 1762 2811 ‚
1806 2754 1882 2797 ac
1914 2732 2140 2799 denuo
2198 2755 2205 2763 ·“

64 2827 133 2894 in
169 2846 405 2896 terram
443 2827 910 2918 propulsorum
945 2827 1321 2895 miserabilis
1344 2827 1621 2918 jastatio
1655 2833 1722 2895 &
1749 2826 2154 2917 'provolutio’-

64 2919 285 2990 fuerit.
334 2925 631 2990 Demum
665 2919 969 2989 feralium'
989 2922 1260 2990 istorum
1293 2915 1607 3014 raptuum
1643 2920 1908 3013 pertoefi
1928 2969 1949 3000 ‚
1985 2945 2147 3014 con-

16 3017 21 3021 ’
66 3015 396 3084 filio-inito
415 3017 666 3106 captivi
687 3017 1103 3086 consentiunt
1122 3064 1144 3098 ,
1188 3018 1251 3085 se
1269 3017 1581 3109 deinceps
1591 3015 1829 3106 jussos,
1877 3041 2011 3084 non
2031 3040 2148 3084 ex-

0 3108 1 3112 ’
66 3112 326 3202 pectam
359 3109 648 3201 amplius
670 3111 1028 3202 jastatione
1061 3160 1087 3192 ,
1130 3111 1508 3204 Templum
1535 3114 1888 3179 intraturos
1923 3163 1947 3186 ,
1989 3134 2148 3179 con—

68 3208 289 3272 ciones
308 3205 652 3275 audituros
671 3258 689 3281 ‚
733 3230 959 3298 preces
997 3209 1137 3298 pias
1155 3209 1239 3275 ad
1262 3210 1485 3277 Deum
1521 3205 1778 3280 fusuros
1797 3257 1811 3281 ‚
1831 3231 1905 3273 ea
1924 3227 2152 3294 tamen

67 3299 212 3393 lege
231 3346 257 3380 ,
282 3318 373 3369 fut
408 3306 942 3395 mortempotius
958 3300 1513 3395 praefentiffimam
1549 3302 1761 3372 subire
1780 3352 1794 3377 ‚
1813 3304 2013 3393 quam
2037 3298 2147 3366 vel

1376 3412 1384 3421 ·
2026 3418 2156 3462 mi»
