<?xml version="1.0" encoding="UTF-8"?>
<!DOCTYPE html PUBLIC "-//W3C//DTD XHTML 1.0 Transitional//EN"
    "http://www.w3.org/TR/xhtml1/DTD/xhtml1-transitional.dtd">
<html xmlns="http://www.w3.org/1999/xhtml" xml:lang="en" lang="en">
 <head>
  <title>
</title>
<meta http-equiv="Content-Type" content="text/html;charset=utf-8" />
  <meta name='ocr-system' content='tesseract 3.04.00' />
  <meta name='ocr-capabilities' content='ocr_page ocr_carea ocr_par ocr_line ocrx_word'/>
</head>
<body>
  <div class='ocr_page' id='page_1' title='image "./historiapapatus00heiduoft_0314.png"; bbox 0 0 2678 3646; ppageno 0'>
   <div class='ocr_carea' id='block_1_1' title="bbox 539 117 2190 224">
    <p class='ocr_par' dir='ltr' id='par_1_1' title="bbox 539 117 2190 224">
     <span class='ocr_line' id='line_1_1' title="bbox 539 117 2190 224; baseline -0.007 -19"><span class='ocrx_word' id='word_1_1' title='bbox 539 140 676 224; x_wconf 66' lang='lat'>280</span> <span class='ocrx_word' id='word_1_2' title='bbox 974 118 1577 194; x_wconf 82' lang='lat' dir='ltr'><strong>ECCLESIAE</strong></span> <span class='ocrx_word' id='word_1_3' title='bbox 1626 117 2190 193; x_wconf 84' lang='lat' dir='ltr'>ROMANAE</span> 
     </span>
    </p>
   </div>
   <div class='ocr_carea' id='block_1_2' title="bbox 172 234 2674 3400">
    <p class='ocr_par' dir='ltr' id='par_1_2' title="bbox 172 234 2674 3329">
     <span class='ocr_line' id='line_1_2' title="bbox 513 234 2588 339; baseline -0.003 -24"><span class='ocrx_word' id='word_1_4' title='bbox 513 248 738 339; x_wconf 77' lang='lat' dir='ltr'>juribus</span> <span class='ocrx_word' id='word_1_5' title='bbox 755 294 775 325; x_wconf 84' lang='lat'>‚</span> <span class='ocrx_word' id='word_1_6' title='bbox 808 237 1247 312; x_wconf 72' lang='lat' dir='ltr'>immanitatibus</span> <span class='ocrx_word' id='word_1_7' title='bbox 1263 286 1278 311; x_wconf 88' lang='lat'><strong>,</strong></span> <span class='ocrx_word' id='word_1_8' title='bbox 1330 234 1668 304; x_wconf 66' lang='lat' dir='ltr'><em>libertatibus</em></span> <span class='ocrx_word' id='word_1_9' title='bbox 1700 235 1924 325; x_wconf 66' lang='lat' dir='ltr'>Ecclefiae</span> <span class='ocrx_word' id='word_1_10' title='bbox 1962 239 2242 305; x_wconf 65' lang='lat' dir='ltr'>Gallicam</span> <span class='ocrx_word' id='word_1_11' title='bbox 2275 246 2550 309; x_wconf 76' lang='lat' dir='ltr'>contraria</span> <span class='ocrx_word' id='word_1_12' title='bbox 2565 278 2588 323; x_wconf 80' lang='lat'>3</span> 
     </span>
     <span class='ocr_line' id='line_1_3' title="bbox 535 330 2591 424; baseline -0.003 -14"><span class='ocrx_word' id='word_1_13' title='bbox 535 341 1038 424; x_wconf 42' lang='lat' dir='ltr'>decerniturque*</span> <span class='ocrx_word' id='word_1_14' title='bbox 1063 331 1293 410; x_wconf 83' lang='lat' dir='ltr'>simul,</span> <span class='ocrx_word' id='word_1_15' title='bbox 1340 350 1416 399; x_wconf 94' lang='lat' dir='ltr'>ut</span> <span class='ocrx_word' id='word_1_16' title='bbox 1433 330 1738 422; x_wconf 82' lang='lat' dir='ltr'>exempla</span> <span class='ocrx_word' id='word_1_17' title='bbox 1772 353 2002 399; x_wconf 89' lang='lat' dir='ltr'>eorum</span> <span class='ocrx_word' id='word_1_18' title='bbox 2025 330 2250 422; x_wconf 67' lang='lat' dir='ltr'>,figillo</span> <span class='ocrx_word' id='word_1_19' title='bbox 2288 335 2591 404; x_wconf 84' lang='lat' dir='ltr'>Marsillii</span> 
     </span>
     <span class='ocr_line' id='line_1_4' title="bbox 530 423 2583 517; baseline -0.001 -16"><span class='ocrx_word' id='word_1_20' title='bbox 530 432 880 502; x_wconf 87' lang='lat' dir='ltr'>Landriani</span> <span class='ocrx_word' id='word_1_21' title='bbox 916 428 1207 508; x_wconf 84' lang='lat' dir='ltr'>firmata,</span> <span class='ocrx_word' id='word_1_22' title='bbox 1254 433 1320 494; x_wconf 87' lang='lat'>&amp;</span> <span class='ocrx_word' id='word_1_23' title='bbox 1341 423 1676 493; x_wconf 76' lang='lat' dir='ltr'>aSextilio</span> <span class='ocrx_word' id='word_1_24' title='bbox 1716 425 2115 514; x_wconf 82' lang='lat' dir='ltr'>Lampineto</span> <span class='ocrx_word' id='word_1_25' title='bbox 2150 424 2514 517; x_wconf 82' lang='lat' dir='ltr'>subsignata</span> <span class='ocrx_word' id='word_1_26' title='bbox 2544 433 2583 499; x_wconf 71' lang='grc' dir='ltr'>τὶ</span> 
     </span>
     <span class='ocr_line' id='line_1_5' title="bbox 519 517 2586 612; baseline -0.002 -20"><span class='ocrx_word' id='word_1_27' title='bbox 519 524 821 592; x_wconf 84' lang='lat' dir='ltr'>carnifice</span> <span class='ocrx_word' id='word_1_28' title='bbox 839 521 1105 612; x_wconf 76' lang='lat' dir='ltr'>publice</span> <span class='ocrx_word' id='word_1_29' title='bbox 1124 519 1486 586; x_wconf 82' lang='lat' dir='ltr'>lacerentur</span> <span class='ocrx_word' id='word_1_30' title='bbox 1501 569 1516 592; x_wconf 86' lang='lat'>‚</span> <span class='ocrx_word' id='word_1_31' title='bbox 1554 526 1617 586; x_wconf 72' lang='grc' dir='ltr'>ὅτ</span> <span class='ocrx_word' id='word_1_32' title='bbox 1638 529 1786 584; x_wconf 89' lang='lat' dir='ltr'>ante</span> <span class='ocrx_word' id='word_1_33' title='bbox 1807 517 2039 586; x_wconf 89' lang='lat' dir='ltr'>Palatii</span> <span class='ocrx_word' id='word_1_34' title='bbox 2062 568 2077 592; x_wconf 92' lang='lat'>‚</span> <span class='ocrx_word' id='word_1_35' title='bbox 2124 520 2192 583; x_wconf 90' lang='lat' dir='ltr'>in</span> <span class='ocrx_word' id='word_1_36' title='bbox 2213 542 2351 607; x_wconf 89' lang='lat' dir='ltr'>quo</span> <span class='ocrx_word' id='word_1_37' title='bbox 2359 523 2467 609; x_wconf 87' lang='lat' dir='ltr'>jus</span> <span class='ocrx_word' id='word_1_38' title='bbox 2488 523 2586 588; x_wconf 85' lang='lat' dir='ltr'>di-</span> 
     </span>
     <span class='ocr_line' id='line_1_6' title="bbox 520 611 2585 706; baseline -0.001 -22"><span class='ocrx_word' id='word_1_39' title='bbox 520 620 690 685; x_wconf 90' lang='lat' dir='ltr'>citur</span> <span class='ocrx_word' id='word_1_40' title='bbox 708 664 728 695; x_wconf 83' lang='grc'>,</span> <span class='ocrx_word' id='word_1_41' title='bbox 747 633 1007 706; x_wconf 84' lang='lat' dir='ltr'>portam</span> <span class='ocrx_word' id='word_1_42' title='bbox 1026 614 1164 705; x_wconf 80' lang='lat' dir='ltr'>igni</span> <span class='ocrx_word' id='word_1_43' title='bbox 1183 611 1646 679; x_wconf 82' lang='lat' dir='ltr'>consumantur</span> <span class='ocrx_word' id='word_1_44' title='bbox 1666 638 1678 678; x_wconf 89' lang='lat'>:</span> <span class='ocrx_word' id='word_1_45' title='bbox 1718 611 2134 678; x_wconf 78' lang='lat' dir='ltr'>interdicitur</span> <span class='ocrx_word' id='word_1_46' title='bbox 2150 612 2266 678; x_wconf 90' lang='lat' dir='ltr'>sub</span> <span class='ocrx_word' id='word_1_47' title='bbox 2284 615 2585 704; x_wconf 89' lang='lat' dir='ltr'>perduel-</span> 
     </span>
     <span class='ocr_line' id='line_1_7' title="bbox 516 706 2579 800; baseline 0.001 -23"><span class='ocrx_word' id='word_1_48' title='bbox 516 711 708 777; x_wconf 89' lang='lat' dir='ltr'>lionis</span> <span class='ocrx_word' id='word_1_49' title='bbox 743 731 983 800; x_wconf 78' lang='lat' dir='ltr'>poena,</span> <span class='ocrx_word' id='word_1_50' title='bbox 1019 730 1099 774; x_wconf 89' lang='lat' dir='ltr'>ne</span> <span class='ocrx_word' id='word_1_51' title='bbox 1117 708 1265 798; x_wconf 83' lang='lat' dir='ltr'>quis</span> <span class='ocrx_word' id='word_1_52' title='bbox 1286 706 1688 797; x_wconf 82' lang='lat' dir='ltr'>Episcopus,</span> <span class='ocrx_word' id='word_1_53' title='bbox 1726 707 1950 785; x_wconf 78' lang='lat' dir='ltr'>curiO,</span> <span class='ocrx_word' id='word_1_54' title='bbox 1984 706 2263 772; x_wconf 89' lang='lat' dir='ltr'>vicarius</span> <span class='ocrx_word' id='word_1_55' title='bbox 2284 754 2304 787; x_wconf 82' lang='grc'>,</span> <span class='ocrx_word' id='word_1_56' title='bbox 2339 708 2579 779; x_wconf 78' lang='lat' dir='ltr'>aliusve</span> 
     </span>
     <span class='ocr_line' id='line_1_8' title="bbox 520 800 2579 891; baseline 0.001 -23"><span class='ocrx_word' id='word_1_57' title='bbox 520 805 557 868; x_wconf 78' lang='grc' dir='ltr'>ὲ</span> <span class='ocrx_word' id='word_1_58' title='bbox 592 804 768 870; x_wconf 81' lang='lat' dir='ltr'>sacro</span> <span class='ocrx_word' id='word_1_59' title='bbox 788 804 1018 869; x_wconf 87' lang='lat' dir='ltr'>ordine</span> <span class='ocrx_word' id='word_1_60' title='bbox 1055 825 1126 867; x_wconf 89' lang='lat' dir='ltr'>ea</span> <span class='ocrx_word' id='word_1_61' title='bbox 1167 801 1502 891; x_wconf 81' lang='lat' dir='ltr'>publicet,</span> <span class='ocrx_word' id='word_1_62' title='bbox 1538 800 1678 865; x_wconf 87' lang='lat' dir='ltr'>aliis</span> <span class='ocrx_word' id='word_1_63' title='bbox 1700 800 1899 877; x_wconf 77' lang='lat' dir='ltr'>item,</span> <span class='ocrx_word' id='word_1_64' title='bbox 1939 800 2386 891; x_wconf 85' lang='lat' dir='ltr'>cujuscunque</span> <span class='ocrx_word' id='word_1_65' title='bbox 2423 826 2579 871; x_wconf 88' lang='lat' dir='ltr'>con·-</span> 
     </span>
     <span class='ocr_line' id='line_1_9' title="bbox 516 893 2580 985; baseline 0 -22"><span class='ocrx_word' id='word_1_66' title='bbox 516 898 787 964; x_wconf 78' lang='lat' dir='ltr'>ditionis</span> <span class='ocrx_word' id='word_1_67' title='bbox 823 894 984 974; x_wconf 78' lang='lat' dir='ltr'>sint,</span> <span class='ocrx_word' id='word_1_68' title='bbox 1023 894 1197 961; x_wconf 86' lang='lat' dir='ltr'>neiis</span> <span class='ocrx_word' id='word_1_69' title='bbox 1219 913 1519 985; x_wconf 87' lang='lat' dir='ltr'>pareant,</span> <span class='ocrx_word' id='word_1_70' title='bbox 1554 912 1667 960; x_wconf 90' lang='lat' dir='ltr'>aut</span> <span class='ocrx_word' id='word_1_71' title='bbox 1688 893 1964 960; x_wconf 85' lang='lat' dir='ltr'>habeant</span> <span class='ocrx_word' id='word_1_72' title='bbox 1986 940 2006 971; x_wconf 87' lang='lat'><strong><em>,</em></strong></span> <span class='ocrx_word' id='word_1_73' title='bbox 2042 918 2116 960; x_wconf 86' lang='lat' dir='ltr'>ac</span> <span class='ocrx_word' id='word_1_74' title='bbox 2153 918 2351 985; x_wconf 89' lang='lat' dir='ltr'>penes</span> <span class='ocrx_word' id='word_1_75' title='bbox 2388 895 2451 962; x_wconf 92' lang='lat' dir='ltr'>se</span> <span class='ocrx_word' id='word_1_76' title='bbox 2484 922 2580 964; x_wconf 91' lang='lat' dir='ltr'>re-</span> 
     </span>
     <span class='ocr_line' id='line_1_10' title="bbox 172 978 2583 1090; baseline 0.001 -34"><span class='ocrx_word' id='word_1_77' title='bbox 172 978 493 1090; x_wconf 49' lang='lat' dir='ltr'>Samjj&#39;lfflfssl</span> <span class='ocrx_word' id='word_1_78' title='bbox 515 993 780 1057; x_wconf 82' lang='lat' dir='ltr'>tineant.</span> <span class='ocrx_word' id='word_1_79' title='bbox 830 990 1381 1078; x_wconf 70' lang='lat' dir='ltr'>Prohibitumque</span> <span class='ocrx_word' id='word_1_80' title='bbox 1399 988 1513 1054; x_wconf 90' lang='lat' dir='ltr'>sub</span> <span class='ocrx_word' id='word_1_81' title='bbox 1547 988 1776 1054; x_wconf 84' lang='lat' dir='ltr'>iisdem</span> <span class='ocrx_word' id='word_1_82' title='bbox 1805 989 2022 1078; x_wconf 81' lang='lat' dir='ltr'>poenis</span> <span class='ocrx_word' id='word_1_83' title='bbox 2043 1036 2063 1066; x_wconf 82' lang='lat'><em>,</em></span> <span class='ocrx_word' id='word_1_84' title='bbox 2102 1012 2181 1054; x_wconf 92' lang='lat' dir='ltr'>ne</span> <span class='ocrx_word' id='word_1_85' title='bbox 2216 991 2363 1079; x_wconf 85' lang='lat' dir='ltr'>quis</span> <span class='ocrx_word' id='word_1_86' title='bbox 2402 991 2583 1058; x_wconf 83' lang='lat' dir='ltr'>dein-</span> 
     </span>
     <span class='ocr_line' id='line_1_11' title="bbox 175 1065 2576 1176; baseline -0.002 -20"><span class='ocrx_word' id='word_1_87' title='bbox 175 1065 390 1173; x_wconf 48' lang='lat' dir='ltr'>xij-{mum</span> <span class='ocrx_word' id='word_1_88' title='bbox 418 1125 465 1152; x_wconf 70' lang='lat' dir='ltr'>ex</span> <span class='ocrx_word' id='word_1_89' title='bbox 513 1104 666 1176; x_wconf 88' lang='lat' dir='ltr'>ceps</span> <span class='ocrx_word' id='word_1_90' title='bbox 686 1108 916 1151; x_wconf 87' lang='lat' dir='ltr'>aurum</span> <span class='ocrx_word' id='word_1_91' title='bbox 935 1085 1360 1175; x_wconf 72' lang='lat' dir='ltr'>argentumve</span> <span class='ocrx_word' id='word_1_92' title='bbox 1397 1084 1689 1149; x_wconf 82' lang='lat' dir='ltr'>Romam</span> <span class='ocrx_word' id='word_1_93' title='bbox 1727 1084 1949 1149; x_wconf 85' lang='lat' dir='ltr'>mittat</span> <span class='ocrx_word' id='word_1_94' title='bbox 1968 1128 1988 1160; x_wconf 84' lang='lat'><strong><em>&gt;</em></strong></span> <span class='ocrx_word' id='word_1_95' title='bbox 2035 1100 2148 1149; x_wconf 92' lang='lat' dir='ltr'>aut</span> <span class='ocrx_word' id='word_1_96' title='bbox 2183 1106 2300 1172; x_wconf 89' lang='lat' dir='ltr'>per</span> <span class='ocrx_word' id='word_1_97' title='bbox 2334 1086 2576 1153; x_wconf 87' lang='lat' dir='ltr'>mensa-</span> 
     </span>
     <span class='ocr_line' id='line_1_12' title="bbox 177 1175 2576 1282; baseline 0.001 -39"><span class='ocrx_word' id='word_1_98' title='bbox 177 1175 422 1282; x_wconf 56' lang='lat' dir='ltr'>G⁴¹l‘&#39;¹‘{f3⁰·</span> <span class='ocrx_word' id='word_1_99' title='bbox 512 1181 641 1245; x_wconf 89' lang='lat' dir='ltr'>rios</span> <span class='ocrx_word' id='word_1_100' title='bbox 680 1181 1001 1245; x_wconf 87' lang='lat' dir='ltr'>numerari</span> <span class='ocrx_word' id='word_1_101' title='bbox 1021 1196 1204 1243; x_wconf 90' lang='lat' dir='ltr'>curet</span> <span class='ocrx_word' id='word_1_102' title='bbox 1223 1177 1309 1242; x_wconf 91' lang='lat' dir='ltr'>ad</span> <span class='ocrx_word' id='word_1_103' title='bbox 1327 1175 1686 1242; x_wconf 88' lang='lat' dir='ltr'>obtinenda</span> <span class='ocrx_word' id='word_1_104' title='bbox 1706 1177 2013 1242; x_wconf 87' lang='lat' dir='ltr'>mandata</span> <span class='ocrx_word' id='word_1_105' title='bbox 2034 1212 2052 1255; x_wconf 74' lang='lat'>3</span> <span class='ocrx_word' id='word_1_106' title='bbox 2102 1184 2168 1245; x_wconf 84' lang='lat'>&amp;</span> <span class='ocrx_word' id='word_1_107' title='bbox 2205 1176 2251 1242; x_wconf 87' lang='lat' dir='ltr'><strong>fi</strong></span> <span class='ocrx_word' id='word_1_108' title='bbox 2287 1201 2435 1268; x_wconf 81' lang='lat' dir='ltr'>quae</span> <span class='ocrx_word' id='word_1_109' title='bbox 2456 1183 2576 1245; x_wconf 89' lang='lat' dir='ltr'>im-</span> 
     </span>
     <span class='ocr_line' id='line_1_13' title="bbox 172 1250 2577 1365; baseline 0 -26"><span class='ocrx_word' id='word_1_110' title='bbox 172 1255 309 1349; x_wconf 58' lang='lat' dir='ltr'>ZZZ,</span> <span class='ocrx_word' id='word_1_111' title='bbox 332 1250 489 1364; x_wconf 49' lang='grc' dir='ltr'>ῥῖᾗῖἶ</span> <span class='ocrx_word' id='word_1_112' title='bbox 512 1291 763 1365; x_wconf 87' lang='lat' dir='ltr'>petrata</span> <span class='ocrx_word' id='word_1_113' title='bbox 799 1271 1044 1340; x_wconf 89' lang='lat' dir='ltr'>fuerint</span> <span class='ocrx_word' id='word_1_114' title='bbox 1063 1320 1084 1351; x_wconf 86' lang='grc'>,</span> <span class='ocrx_word' id='word_1_115' title='bbox 1119 1295 1199 1337; x_wconf 91' lang='lat' dir='ltr'>ne</span> <span class='ocrx_word' id='word_1_116' title='bbox 1224 1271 1483 1360; x_wconf 86' lang='lat' dir='ltr'>judices</span> <span class='ocrx_word' id='word_1_117' title='bbox 1520 1293 1750 1336; x_wconf 89' lang='lat' dir='ltr'>eorum</span> <span class='ocrx_word' id='word_1_118' title='bbox 1792 1271 2112 1337; x_wconf 89' lang='lat' dir='ltr'>rationem</span> <span class='ocrx_word' id='word_1_119' title='bbox 2148 1270 2444 1349; x_wconf 78' lang='lat' dir='ltr'>habeant.</span> <span class='ocrx_word' id='word_1_120' title='bbox 2492 1275 2577 1340; x_wconf 83' lang='lat' dir='ltr'>E-</span> 
     </span>
     <span class='ocr_line' id='line_1_14' title="bbox 173 1363 2570 1458; baseline 0 -25"><span class='ocrx_word' id='word_1_121' title='bbox 173 1378 260 1414; x_wconf 63' lang='lat' dir='ltr'>W·</span> <span class='ocrx_word' id='word_1_122' title='bbox 506 1366 761 1435; x_wconf 66' lang='lat' dir='ltr'>distum</span> <span class='ocrx_word' id='word_1_123' title='bbox 796 1369 958 1458; x_wconf 81' lang='lat' dir='ltr'>quin</span> <span class='ocrx_word' id='word_1_124' title='bbox 992 1368 1190 1433; x_wconf 88' lang='lat' dir='ltr'>etiam</span> <span class='ocrx_word' id='word_1_125' title='bbox 1210 1412 1231 1444; x_wconf 82' lang='grc'>,</span> <span class='ocrx_word' id='word_1_126' title='bbox 1277 1383 1352 1431; x_wconf 90' lang='lat' dir='ltr'>ut</span> <span class='ocrx_word' id='word_1_127' title='bbox 1374 1365 1778 1433; x_wconf 86' lang='lat' dir='ltr'>Landrianus</span> <span class='ocrx_word' id='word_1_128' title='bbox 1799 1363 1860 1430; x_wconf 91' lang='lat' dir='ltr'>se</span> <span class='ocrx_word' id='word_1_129' title='bbox 1878 1388 2001 1454; x_wconf 91' lang='lat' dir='ltr'>pro</span> <span class='ocrx_word' id='word_1_130' title='bbox 2019 1384 2275 1432; x_wconf 89' lang='lat' dir='ltr'>oratore</span> <span class='ocrx_word' id='word_1_131' title='bbox 2296 1366 2570 1434; x_wconf 86' lang='lat' dir='ltr'>Pontifi-</span> 
     </span>
     <span class='ocr_line' id='line_1_15' title="bbox 507 1457 2574 1552; baseline 0.001 -26"><span class='ocrx_word' id='word_1_132' title='bbox 507 1462 602 1527; x_wconf 89' lang='lat' dir='ltr'>cis</span> <span class='ocrx_word' id='word_1_133' title='bbox 639 1485 864 1552; x_wconf 85' lang='lat' dir='ltr'>gerens</span> <span class='ocrx_word' id='word_1_134' title='bbox 884 1508 904 1538; x_wconf 82' lang='lat'>‚</span> <span class='ocrx_word' id='word_1_135' title='bbox 952 1460 1414 1526; x_wconf 89' lang='lat' dir='ltr'>mandatorum</span> <span class='ocrx_word' id='word_1_136' title='bbox 1433 1457 1698 1525; x_wconf 86' lang='lat' dir='ltr'>illorum</span> <span class='ocrx_word' id='word_1_137' title='bbox 1733 1458 1901 1525; x_wconf 89' lang='lat' dir='ltr'>lator</span> <span class='ocrx_word' id='word_1_138' title='bbox 1936 1460 2536 1549; x_wconf 85' lang='lat' dir='ltr'>comprehendatur</span> <span class='ocrx_word' id='word_1_139' title='bbox 2553 1507 2574 1542; x_wconf 73' lang='grc'>,-</span> 
     </span>
     <span class='ocr_line' id='line_1_16' title="bbox 511 1552 2674 1645; baseline 0 -23"><span class='ocrx_word' id='word_1_140' title='bbox 511 1557 822 1643; x_wconf 81' lang='lat' dir='ltr'>&amp;injure</span> <span class='ocrx_word' id='word_1_141' title='bbox 841 1553 1088 1621; x_wconf 83' lang='lat' dir='ltr'>sistatur</span> <span class='ocrx_word' id='word_1_142' title='bbox 1107 1601 1128 1633; x_wconf 87' lang='grc'>,</span> <span class='ocrx_word' id='word_1_143' title='bbox 1149 1576 1231 1619; x_wconf 77' lang='lat' dir='ltr'>ex</span> <span class='ocrx_word' id='word_1_144' title='bbox 1248 1553 1528 1620; x_wconf 87' lang='lat' dir='ltr'>vinculis</span> <span class='ocrx_word' id='word_1_145' title='bbox 1550 1554 1801 1618; x_wconf 84' lang='lat' dir='ltr'>causam</span> <span class='ocrx_word' id='word_1_146' title='bbox 1824 1552 2134 1618; x_wconf 61' lang='lat' dir='ltr'>dicturus,</span> <span class='ocrx_word' id='word_1_147' title='bbox 2183 1554 2576 1645; x_wconf 86' lang='lat' dir='ltr'>Eodemque</span> <span class='ocrx_word' id='word_1_148' title='bbox 2665 1575 2674 1580; x_wconf 63' lang='grc'><strong>“</strong></span> 
     </span>
     <span class='ocr_line' id='line_1_17' title="bbox 507 1644 2566 1739; baseline 0.001 -27"><span class='ocrx_word' id='word_1_149' title='bbox 507 1647 781 1716; x_wconf 86' lang='lat' dir='ltr'>Senatus</span> <span class='ocrx_word' id='word_1_150' title='bbox 834 1647 1133 1716; x_wconf 88' lang='lat' dir='ltr'>consulto</span> <span class='ocrx_word' id='word_1_151' title='bbox 1184 1647 1513 1737; x_wconf 84' lang='lat' dir='ltr'>Georgius</span> <span class='ocrx_word' id='word_1_152' title='bbox 1567 1645 1882 1738; x_wconf 80' lang='lat' dir='ltr'>Pontifex</span> <span class='ocrx_word' id='word_1_153' title='bbox 1916 1644 2053 1735; x_wconf 92' lang='lat' dir='ltr'>ipse</span> <span class='ocrx_word' id='word_1_154' title='bbox 2088 1692 2111 1724; x_wconf 86' lang='grc'>,</span> <span class='ocrx_word' id='word_1_155' title='bbox 2147 1646 2367 1736; x_wconf 79' lang='lat' dir='ltr'>publicae</span> <span class='ocrx_word' id='word_1_156' title='bbox 2383 1655 2566 1739; x_wconf 82' lang='lat' dir='ltr'>pacis,</span> 
     </span>
     <span class='ocr_line' id='line_1_18' title="bbox 504 1739 2574 1833; baseline 0 -26"><span class='ocrx_word' id='word_1_157' title='bbox 504 1748 727 1808; x_wconf 71' lang='lat' dir='ltr'>Vnionis</span> <span class='ocrx_word' id='word_1_158' title='bbox 762 1744 984 1826; x_wconf 72' lang='lat' dir='ltr'>Ecclefiae</span> <span class='ocrx_word' id='word_1_159' title='bbox 1023 1739 1306 1808; x_wconf 74' lang='lat' dir='ltr'>Catholicae</span> <span class='ocrx_word' id='word_1_160' title='bbox 1326 1788 1346 1818; x_wconf 86' lang='grc'>,</span> <span class='ocrx_word' id='word_1_161' title='bbox 1380 1740 1674 1832; x_wconf 80' lang='lat' dir='ltr'>Apostolicae</span> <span class='ocrx_word' id='word_1_162' title='bbox 1694 1787 1714 1817; x_wconf 86' lang='grc'>,</span> <span class='ocrx_word' id='word_1_163' title='bbox 1749 1754 1999 1805; x_wconf 71' lang='lat' dir='ltr'>Romam</span> <span class='ocrx_word' id='word_1_164' title='bbox 2015 1789 2029 1813; x_wconf 91' lang='lat'>‚</span> <span class='ocrx_word' id='word_1_165' title='bbox 2071 1746 2229 1830; x_wconf 81' lang='lat' dir='ltr'>Regis</span> <span class='ocrx_word' id='word_1_166' title='bbox 2244 1790 2259 1813; x_wconf 91' lang='lat'>‚</span> <span class='ocrx_word' id='word_1_167' title='bbox 2299 1749 2574 1833; x_wconf 70' lang='lat' dir='ltr'>Regniqiie</span> 
     </span>
     <span class='ocr_line' id='line_1_19' title="bbox 466 1831 2570 1927; baseline 0.001 -28"><span class='ocrx_word' id='word_1_168' title='bbox 466 1842 468 1844; x_wconf 74' lang='grc'><strong>’</strong></span> <span class='ocrx_word' id='word_1_169' title='bbox 501 1833 659 1925; x_wconf 83' lang='lat' dir='ltr'>hostis</span> <span class='ocrx_word' id='word_1_170' title='bbox 696 1883 716 1914; x_wconf 83' lang='lat'><strong><em>,</em></strong></span> <span class='ocrx_word' id='word_1_171' title='bbox 765 1841 1147 1927; x_wconf 73' lang='lat' dir='ltr'>conjurationis</span> <span class='ocrx_word' id='word_1_172' title='bbox 1179 1836 1422 1927; x_wconf 75' lang='lat' dir='ltr'>Hispanae</span> <span class='ocrx_word' id='word_1_173' title='bbox 1440 1840 1710 1925; x_wconf 80' lang='lat' dir='ltr'>particeps</span> <span class='ocrx_word' id='word_1_174' title='bbox 1727 1881 1743 1905; x_wconf 88' lang='lat'>‚</span> <span class='ocrx_word' id='word_1_175' title='bbox 1789 1831 2068 1898; x_wconf 76' lang='lat' dir='ltr'>rebellium</span> <span class='ocrx_word' id='word_1_176' title='bbox 2087 1835 2285 1921; x_wconf 73' lang='lat' dir='ltr'>filmer</span> <span class='ocrx_word' id='word_1_177' title='bbox 2302 1880 2323 1912; x_wconf 85' lang='grc'>,</span> <span class='ocrx_word' id='word_1_178' title='bbox 2368 1842 2570 1901; x_wconf 72' lang='lat' dir='ltr'>imma-</span> 
     </span>
     <span class='ocr_line' id='line_1_20' title="bbox 500 1926 2575 2020; baseline -0 -25"><span class='ocrx_word' id='word_1_179' title='bbox 500 1936 587 1995; x_wconf 79' lang='lat' dir='ltr'>nis</span> <span class='ocrx_word' id='word_1_180' title='bbox 603 1979 616 2001; x_wconf 94' lang='lat'>‚</span> <span class='ocrx_word' id='word_1_181' title='bbox 651 1931 944 2020; x_wconf 65' lang='lat' dir='ltr'>detestandi·</span> <span class='ocrx_word' id='word_1_182' title='bbox 976 1930 1049 2007; x_wconf 56' lang='grc' dir='ltr'>ῤ’</span> <span class='ocrx_word' id='word_1_183' title='bbox 1079 1927 1375 1996; x_wconf 75' lang='lat' dir='ltr'>inhumani</span> <span class='ocrx_word' id='word_1_184' title='bbox 1393 1928 1687 2019; x_wconf 82' lang='lat' dir='ltr'>parricidii</span> <span class='ocrx_word' id='word_1_185' title='bbox 1704 1947 1811 2018; x_wconf 88' lang='lat' dir='ltr'>per</span> <span class='ocrx_word' id='word_1_186' title='bbox 1831 1926 2202 2018; x_wconf 77' lang='lat' dir='ltr'>proditionem</span> <span class='ocrx_word' id='word_1_187' title='bbox 2218 1948 2409 1993; x_wconf 72' lang='lat' dir='ltr'>contra</span> <span class='ocrx_word' id='word_1_188' title='bbox 2424 1940 2575 1994; x_wconf 60' lang='lat' dir='ltr'>Hers-</span> 
     </span>
     <span class='ocr_line' id='line_1_21' title="bbox 504 2018 2573 2115; baseline 0.001 -27"><span class='ocrx_word' id='word_1_189' title='bbox 504 2029 681 2088; x_wconf 81' lang='lat' dir='ltr'>ricum</span> <span class='ocrx_word' id='word_1_190' title='bbox 701 2036 733 2086; x_wconf 92' lang='lat' dir='ltr'><em>I</em></span> <span class='ocrx_word' id='word_1_191' title='bbox 751 2037 783 2088; x_wconf 91' lang='lat' dir='ltr'><em>I</em></span> <span class='ocrx_word' id='word_1_192' title='bbox 793 2036 841 2089; x_wconf 91' lang='lat' dir='ltr'>I.</span> <span class='ocrx_word' id='word_1_193' title='bbox 863 2022 1368 2115; x_wconf 70' lang='lat' dir='ltr'>Christianissimum</span> <span class='ocrx_word' id='word_1_194' title='bbox 1386 2022 1458 2099; x_wconf 57' lang='grc' dir='ltr'><em>ὠ</em></span> <span class='ocrx_word' id='word_1_195' title='bbox 1476 2019 1612 2087; x_wconf 69' lang='lat' dir='ltr'>vere</span> <span class='ocrx_word' id='word_1_196' title='bbox 1637 2018 1975 2087; x_wconf 82' lang='lat' dir='ltr'>Catholicum</span> <span class='ocrx_word' id='word_1_197' title='bbox 1993 2035 2192 2112; x_wconf 83' lang='lat' dir='ltr'>Regem</span> <span class='ocrx_word' id='word_1_198' title='bbox 2192 2027 2410 2112; x_wconf 79' lang='lat' dir='ltr'>patrati</span> <span class='ocrx_word' id='word_1_199' title='bbox 2424 2046 2573 2104; x_wconf 74' lang='lat' dir='ltr'>rem,</span> 
     </span>
     <span class='ocr_line' id='line_1_22' title="bbox 508 2114 2571 2208; baseline 0 -26"><span class='ocrx_word' id='word_1_200' title='bbox 508 2115 889 2184; x_wconf 86' lang='lat' dir='ltr'>declaratur.</span> <span class='ocrx_word' id='word_1_201' title='bbox 939 2118 1070 2185; x_wconf 90' lang='lat' dir='ltr'>Sed</span> <span class='ocrx_word' id='word_1_202' title='bbox 1088 2126 1153 2186; x_wconf 84' lang='lat'>&amp;</span> <span class='ocrx_word' id='word_1_203' title='bbox 1174 2115 1479 2203; x_wconf 82' lang='lat' dir='ltr'>Praesules</span> <span class='ocrx_word' id='word_1_204' title='bbox 1498 2114 1619 2206; x_wconf 86' lang='lat' dir='ltr'>ipsi</span> <span class='ocrx_word' id='word_1_205' title='bbox 1639 2114 1819 2181; x_wconf 92' lang='lat' dir='ltr'>Galli</span> <span class='ocrx_word' id='word_1_206' title='bbox 1837 2161 1858 2193; x_wconf 85' lang='grc'>,</span> <span class='ocrx_word' id='word_1_207' title='bbox 1910 2117 2028 2205; x_wconf 89' lang='lat' dir='ltr'>qui</span> <span class='ocrx_word' id='word_1_208' title='bbox 2047 2118 2114 2182; x_wconf 90' lang='lat' dir='ltr'>in</span> <span class='ocrx_word' id='word_1_209' title='bbox 2135 2114 2343 2208; x_wconf 84' lang='lat' dir='ltr'>Regis</span> <span class='ocrx_word' id='word_1_210' title='bbox 2365 2121 2571 2183; x_wconf 87' lang='lat' dir='ltr'>comi-</span> 
     </span>
     <span class='ocr_line' id='line_1_23' title="bbox 509 2208 2571 2291; baseline 0.002 -16"><span class='ocrx_word' id='word_1_211' title='bbox 509 2228 651 2276; x_wconf 86' lang='lat' dir='ltr'>tatu</span> <span class='ocrx_word' id='word_1_212' title='bbox 687 2231 905 2291; x_wconf 78' lang='lat' dir='ltr'>erant,</span> <span class='ocrx_word' id='word_1_213' title='bbox 952 2213 1344 2279; x_wconf 90' lang='lat' dir='ltr'>nominatim</span> <span class='ocrx_word' id='word_1_214' title='bbox 1363 2211 1558 2277; x_wconf 89' lang='lat' dir='ltr'>etiam</span> <span class='ocrx_word' id='word_1_215' title='bbox 1583 2208 1865 2277; x_wconf 84' lang='lat' dir='ltr'>Carolus</span> <span class='ocrx_word' id='word_1_216' title='bbox 1904 2209 2273 2277; x_wconf 87' lang='lat' dir='ltr'>Borbonius</span> <span class='ocrx_word' id='word_1_217' title='bbox 2313 2219 2378 2279; x_wconf 61' lang='grc' dir='ltr'>ὃς</span> <span class='ocrx_word' id='word_1_218' title='bbox 2415 2211 2571 2280; x_wconf 90' lang='lat' dir='ltr'>Phi-</span> 
     </span>
     <span class='ocr_line' id='line_1_24' title="bbox 451 2301 2572 2395; baseline 0.004 -29"><span class='ocrx_word' id='word_1_219' title='bbox 451 2343 455 2347; x_wconf 88' lang='lat'><em>-</em></span> <span class='ocrx_word' id='word_1_220' title='bbox 506 2301 731 2393; x_wconf 84' lang='lat' dir='ltr'>lippus</span> <span class='ocrx_word' id='word_1_221' title='bbox 755 2305 1205 2372; x_wconf 89' lang='lat' dir='ltr'>Lenuncurius</span> <span class='ocrx_word' id='word_1_222' title='bbox 1227 2303 1610 2372; x_wconf 90' lang='lat' dir='ltr'>Cardinales</span> <span class='ocrx_word' id='word_1_223' title='bbox 1631 2349 1651 2383; x_wconf 88' lang='grc'>,</span> <span class='ocrx_word' id='word_1_224' title='bbox 1671 2303 2085 2395; x_wconf 83' lang='lat' dir='ltr'>Reginaldus</span> <span class='ocrx_word' id='word_1_225' title='bbox 2106 2303 2431 2371; x_wconf 89' lang='lat' dir='ltr'>Belnenfis</span> <span class='ocrx_word' id='word_1_226' title='bbox 2451 2309 2572 2374; x_wconf 86' lang='lat' dir='ltr'>Ar-</span> 
     </span>
     <span class='ocr_line' id='line_1_25' title="bbox 500 2395 2566 2490; baseline 0.003 -29"><span class='ocrx_word' id='word_1_227' title='bbox 500 2395 955 2487; x_wconf 82' lang='lat' dir='ltr'>chiepiscopus</span> <span class='ocrx_word' id='word_1_228' title='bbox 974 2399 1390 2467; x_wconf 87' lang='lat' dir='ltr'>Bituricenfis</span> <span class='ocrx_word' id='word_1_229' title='bbox 1410 2445 1430 2477; x_wconf 85' lang='grc'>,</span> <span class='ocrx_word' id='word_1_230' title='bbox 1466 2406 1589 2467; x_wconf 67' lang='lat' dir='ltr'>&amp;o</span> <span class='ocrx_word' id='word_1_231' title='bbox 1641 2399 1728 2465; x_wconf 87' lang='lat' dir='ltr'>ad</span> <span class='ocrx_word' id='word_1_232' title='bbox 1747 2421 1973 2464; x_wconf 87' lang='lat' dir='ltr'>omnes</span> <span class='ocrx_word' id='word_1_233' title='bbox 2010 2397 2237 2490; x_wconf 86' lang='lat' dir='ltr'>Regni</span> <span class='ocrx_word' id='word_1_234' title='bbox 2272 2398 2566 2471; x_wconf 87' lang='lat' dir='ltr'>Ordines</span> 
     </span>
     <span class='ocr_line' id='line_1_26' title="bbox 468 2488 2562 2583; baseline 0.002 -27"><span class='ocrx_word' id='word_1_235' title='bbox 468 2488 881 2558; x_wconf 78' lang='lat' dir='ltr'>&#39;Pontificios</span> <span class='ocrx_word' id='word_1_236' title='bbox 904 2493 1242 2561; x_wconf 88' lang='lat' dir='ltr'>decretum</span> <span class='ocrx_word' id='word_1_237' title='bbox 1262 2493 1571 2559; x_wconf 87' lang='lat' dir='ltr'>miserunt</span> <span class='ocrx_word' id='word_1_238' title='bbox 1589 2540 1610 2571; x_wconf 86' lang='grc'>,</span> <span class='ocrx_word' id='word_1_239' title='bbox 1655 2494 1722 2558; x_wconf 84' lang='lat' dir='ltr'>in</span> <span class='ocrx_word' id='word_1_240' title='bbox 1742 2515 1881 2583; x_wconf 89' lang='lat' dir='ltr'>quo</span> <span class='ocrx_word' id='word_1_241' title='bbox 1916 2493 2084 2560; x_wconf 87' lang='lat' dir='ltr'>inter</span> <span class='ocrx_word' id='word_1_242' title='bbox 2117 2493 2241 2558; x_wconf 91' lang='lat' dir='ltr'>alia</span> <span class='ocrx_word' id='word_1_243' title='bbox 2277 2516 2562 2582; x_wconf 83' lang='lat' dir='ltr'>querun-</span> 
     </span>
     <span class='ocr_line' id='line_1_27' title="bbox 504 2586 2566 2679; baseline 0.004 -33"><span class='ocrx_word' id='word_1_244' title='bbox 504 2599 614 2648; x_wconf 72' lang='lat' dir='ltr'>tur</span> <span class='ocrx_word' id='word_1_245' title='bbox 632 2628 651 2659; x_wconf 85' lang='grc'>,</span> <span class='ocrx_word' id='word_1_246' title='bbox 702 2592 1018 2675; x_wconf 79' lang='lat' dir='ltr'>Gregorium</span> <span class='ocrx_word' id='word_1_247' title='bbox 1054 2601 1256 2679; x_wconf 76' lang='lat' dir='ltr'>Papam</span> <span class='ocrx_word' id='word_1_248' title='bbox 1290 2586 1436 2653; x_wconf 68' lang='lat' dir='ltr'>male</span> <span class='ocrx_word' id='word_1_249' title='bbox 1467 2588 1534 2651; x_wconf 87' lang='lat' dir='ltr'>de</span> <span class='ocrx_word' id='word_1_250' title='bbox 1569 2594 1742 2678; x_wconf 71' lang='lat' dir='ltr'>Regni</span> <span class='ocrx_word' id='word_1_251' title='bbox 1753 2588 1913 2677; x_wconf 79' lang='lat' dir='ltr'>statii</span> <span class='ocrx_word' id='word_1_252' title='bbox 1946 2586 2266 2679; x_wconf 62' lang='lat' dir='ltr'>instrublum</span> <span class='ocrx_word' id='word_1_253' title='bbox 2282 2636 2297 2658; x_wconf 96' lang='lat'>‚</span> <span class='ocrx_word' id='word_1_254' title='bbox 2331 2590 2566 2654; x_wconf 78' lang='lat' dir='ltr'>manda-</span> 
     </span>
     <span class='ocr_line' id='line_1_28' title="bbox 506 2679 2672 2771; baseline 0.005 -33"><span class='ocrx_word' id='word_1_255' title='bbox 506 2693 567 2739; x_wconf 76' lang='lat' dir='ltr'>ta</span> <span class='ocrx_word' id='word_1_256' title='bbox 601 2679 841 2765; x_wconf 56' lang='lat' dir='ltr'>quaedam</span> <span class='ocrx_word' id='word_1_257' title='bbox 876 2688 1167 2746; x_wconf 75' lang='lat' dir='ltr'>mom-&#39;toria</span> <span class='ocrx_word' id='word_1_258' title='bbox 1184 2729 1204 2759; x_wconf 83' lang='lat'>‚</span> <span class='ocrx_word' id='word_1_259' title='bbox 1218 2682 1584 2771; x_wconf 63' lang='lat' dir='ltr'>stisperfflones</span> <span class='ocrx_word' id='word_1_260' title='bbox 1600 2727 1621 2758; x_wconf 83' lang='grc'>,</span> <span class='ocrx_word' id='word_1_261' title='bbox 1655 2682 2058 2747; x_wconf 65' lang='lat' dir='ltr'>interdisffz‘iones</span> <span class='ocrx_word' id='word_1_262' title='bbox 2072 2727 2087 2753; x_wconf 90' lang='lat'>,</span> <span class='ocrx_word' id='word_1_263' title='bbox 2136 2688 2567 2749; x_wconf 59' lang='lat' dir='ltr'>excommunicas</span> <span class='ocrx_word' id='word_1_264' title='bbox 2667 2696 2672 2698; x_wconf 74' lang='grc'><strong>’</strong></span> 
     </span>
     <span class='ocr_line' id='line_1_29' title="bbox 503 2771 2567 2866; baseline 0.006 -36"><span class='ocrx_word' id='word_1_265' title='bbox 503 2772 673 2831; x_wconf 62' lang='lat' dir='ltr'>tiones</span> <span class='ocrx_word' id='word_1_266' title='bbox 709 2771 890 2856; x_wconf 62' lang='lat' dir='ltr'>mififf}</span> <span class='ocrx_word' id='word_1_267' title='bbox 923 2798 1033 2838; x_wconf 79' lang='lat' dir='ltr'>non</span> <span class='ocrx_word' id='word_1_268' title='bbox 1045 2774 1229 2863; x_wconf 63' lang='lat' dir='ltr'>filimi</span> <span class='ocrx_word' id='word_1_269' title='bbox 1262 2795 1450 2840; x_wconf 77' lang='lat' dir='ltr'>contra</span> <span class='ocrx_word' id='word_1_270' title='bbox 1482 2777 1725 2863; x_wconf 79' lang='lat' dir='ltr'>Praestiles</span> <span class='ocrx_word' id='word_1_271' title='bbox 1741 2822 1762 2854; x_wconf 84' lang='grc'>,</span> <span class='ocrx_word' id='word_1_272' title='bbox 1788 2775 1898 2864; x_wconf 77' lang='lat' dir='ltr'>ſsd</span> <span class='ocrx_word' id='word_1_273' title='bbox 1909 2780 2076 2841; x_wconf 73' lang='lat' dir='ltr'>etiam</span> <span class='ocrx_word' id='word_1_274' title='bbox 2099 2781 2362 2866; x_wconf 79' lang='lat' dir='ltr'>Principes</span> <span class='ocrx_word' id='word_1_275' title='bbox 2379 2822 2400 2853; x_wconf 86' lang='grc'>,</span> <span class='ocrx_word' id='word_1_276' title='bbox 2436 2791 2567 2863; x_wconf 60' lang='grc' dir='ltr'>Ἄζα-</span> 
     </span>
     <span class='ocr_line' id='line_1_30' title="bbox 459 2856 2567 2961; baseline 0.007 -39"><span class='ocrx_word' id='word_1_277' title='bbox 459 2885 477 2893; x_wconf 75' lang='lat'><strong>·</strong></span> <span class='ocrx_word' id='word_1_278' title='bbox 505 2856 634 2961; x_wconf 63' lang='lat' dir='ltr'>{viles</span> <span class='ocrx_word' id='word_1_279' title='bbox 670 2859 743 2936; x_wconf 54' lang='grc' dir='ltr'>όν</span> <span class='ocrx_word' id='word_1_280' title='bbox 775 2860 1003 2932; x_wconf 59' lang='lat' dir='ltr'>Fr&#39;anciae</span> <span class='ocrx_word' id='word_1_281' title='bbox 1024 2871 1242 2959; x_wconf 73' lang='lat' dir='ltr'>populos</span> <span class='ocrx_word' id='word_1_282' title='bbox 1259 2913 1281 2947; x_wconf 83' lang='grc'>,</span> <span class='ocrx_word' id='word_1_283' title='bbox 1325 2875 1418 2959; x_wconf 73' lang='lat' dir='ltr'>qui</span> <span class='ocrx_word' id='word_1_284' title='bbox 1450 2868 1733 2935; x_wconf 76' lang='lat' dir='ltr'>rebellium</span> <span class='ocrx_word' id='word_1_285' title='bbox 1752 2888 1943 2961; x_wconf 80' lang='lat' dir='ltr'>partes</span> <span class='ocrx_word' id='word_1_286' title='bbox 1951 2951 1958 2958; x_wconf 17' lang='grc' dir='ltr'><strong>ᾗ</strong></span> <span class='ocrx_word' id='word_1_287' title='bbox 1960 2871 2115 2961; x_wconf 72' lang='lat' dir='ltr'>sequi</span> <span class='ocrx_word' id='word_1_288' title='bbox 2130 2873 2437 2936; x_wconf 72' lang='lat' dir='ltr'>noluerunt.</span> <span class='ocrx_word' id='word_1_289' title='bbox 2475 2874 2567 2937; x_wconf 72' lang='lat' dir='ltr'>A·</span> 
     </span>
     <span class='ocr_line' id='line_1_31' title="bbox 496 2952 2657 3043; baseline 0.008 -29"><span class='ocrx_word' id='word_1_290' title='bbox 496 2952 781 3039; x_wconf 70' lang='lat' dir='ltr'>Jt‘mtque</span> <span class='ocrx_word' id='word_1_291' title='bbox 815 3000 834 3030; x_wconf 87' lang='grc'>,</span> <span class='ocrx_word' id='word_1_292' title='bbox 886 2960 1029 3043; x_wconf 91' lang='lat' dir='ltr'>post</span> <span class='ocrx_word' id='word_1_293' title='bbox 1064 2979 1387 3027; x_wconf 88' lang='lat' dir='ltr'>maturam</span> <span class='ocrx_word' id='word_1_294' title='bbox 1424 2961 2002 3035; x_wconf 88' lang='lat' dir='ltr'>consultationem,</span> <span class='ocrx_word' id='word_1_295' title='bbox 2049 2986 2133 3028; x_wconf 82' lang='lat' dir='ltr'>ex</span> <span class='ocrx_word' id='word_1_296' title='bbox 2166 2964 2566 3031; x_wconf 85' lang='lat' dir='ltr'>authoritate</span> <span class='ocrx_word' id='word_1_297' title='bbox 2650 2968 2657 2979; x_wconf 71' lang='lat'><strong>⁴</strong></span> 
     </span>
     <span class='ocr_line' id='line_1_32' title="bbox 509 3041 2563 3149; baseline 0.009 -43"><span class='ocrx_word' id='word_1_298' title='bbox 509 3041 568 3107; x_wconf 84' lang='lat' dir='ltr'>S.</span> <span class='ocrx_word' id='word_1_299' title='bbox 589 3042 937 3146; x_wconf 63' lang='lat' dir='ltr'>Scripturae</span> <span class='ocrx_word' id='word_1_300' title='bbox 957 3095 978 3125; x_wconf 85' lang='grc'>,</span> <span class='ocrx_word' id='word_1_301' title='bbox 1011 3048 1374 3119; x_wconf 55' lang='lat' dir='ltr'>sanctorum</span> <span class='ocrx_word' id='word_1_302' title='bbox 1393 3054 1806 3122; x_wconf 88' lang='lat' dir='ltr'>decretorum</span> <span class='ocrx_word' id='word_1_303' title='bbox 1828 3104 1849 3135; x_wconf 83' lang='lat'><em>‚</em></span> <span class='ocrx_word' id='word_1_304' title='bbox 1887 3057 2349 3123; x_wconf 89' lang='lat' dir='ltr'>Conciliorum</span> <span class='ocrx_word' id='word_1_305' title='bbox 2371 3080 2563 3149; x_wconf 80' lang='lat' dir='ltr'>gene-</span> 
     </span>
     <span class='ocr_line' id='line_1_33' title="bbox 502 3135 2562 3240; baseline 0.008 -40"><span class='ocrx_word' id='word_1_306' title='bbox 502 3135 736 3203; x_wconf 86' lang='lat' dir='ltr'>rahum</span> <span class='ocrx_word' id='word_1_307' title='bbox 756 3185 777 3215; x_wconf 81' lang='grc'>,</span> <span class='ocrx_word' id='word_1_308' title='bbox 826 3140 1310 3212; x_wconf 83' lang='lat' dir='ltr'>Canonicarum</span> <span class='ocrx_word' id='word_1_309' title='bbox 1330 3147 1873 3216; x_wconf 86' lang='lat' dir='ltr'>constitutionum</span> <span class='ocrx_word' id='word_1_310' title='bbox 1891 3196 1912 3227; x_wconf 82' lang='grc'>,</span> <span class='ocrx_word' id='word_1_311' title='bbox 1947 3150 2274 3240; x_wconf 81' lang='lat' dir='ltr'>perpensis</span> <span class='ocrx_word' id='word_1_312' title='bbox 2297 3150 2562 3217; x_wconf 59' lang='lat' dir='ltr'>Sancto-</span> 
     </span>
     <span class='ocr_line' id='line_1_34' title="bbox 505 3235 2557 3329; baseline 0.006 -35"><span class='ocrx_word' id='word_1_313' title='bbox 505 3252 647 3297; x_wconf 79' lang='lat' dir='ltr'>rum</span> <span class='ocrx_word' id='word_1_314' title='bbox 689 3235 950 3318; x_wconf 83' lang='lat' dir='ltr'>Patrum</span> <span class='ocrx_word' id='word_1_315' title='bbox 987 3237 1302 3326; x_wconf 83' lang='lat' dir='ltr'>exemplis</span> <span class='ocrx_word' id='word_1_316' title='bbox 1338 3285 1360 3320; x_wconf 84' lang='grc'>,</span> <span class='ocrx_word' id='word_1_317' title='bbox 1417 3241 1670 3329; x_wconf 86' lang='lat' dir='ltr'>juribus</span> <span class='ocrx_word' id='word_1_318' title='bbox 1706 3251 1772 3314; x_wconf 84' lang='lat'>&amp;</span> <span class='ocrx_word' id='word_1_319' title='bbox 1804 3236 2209 3313; x_wconf 80' lang='lat' dir='ltr'>libertatibus</span> <span class='ocrx_word' id='word_1_320' title='bbox 2257 3242 2557 3313; x_wconf 74' lang='lat' dir='ltr'>Ecclefiae</span> 
     </span>
    </p>

    <p class='ocr_par' dir='ltr' id='par_1_3' title="bbox 2354 3333 2561 3400">
     <span class='ocr_line' id='line_1_35' title="bbox 2354 3333 2561 3400; baseline -0.005 0"><span class='ocrx_word' id='word_1_321' title='bbox 2354 3333 2561 3400; x_wconf 52' lang='lat' dir='ltr'>Galli„</span> 
     </span>
    </p>
   </div>
  </div>
 </body>
</html>
