2678 3646
613 135 1232 219 PERIoDUs
1283 137 1793 226 QUINTA.
2071 151 2207 240 167

125 282 289 355 quem
338 258 449 326 dici
495 271 894 352 Imperatorem
928 256 1075 347 sinit
1108 302 1130 334 2
1191 261 1463 349 imperare
1513 261 1672 324 nu'llo'
1711 260 1872 327 modo
1908 272 2216 354 permittit·-

126 357 319 423 ldem
358 353 706 423 Petrarcha
742 371 888 420 tum
922 355 991 418 1'n
1028 352 1362 419 Po'e'matis
1398 351 1525 418 suis
1581 354 1876 423 Romam
1926 357 2208 449 Babyloni-

119 477 240 517 cam
275 455 617 517 meretricem
633 499 651 522 ,
696 454 899 515 erroris
911 445 1163 538 scholam
1180 495 1195 519 ,
1244 444 1486 538 haerestos
1506 453 1795 541 Templum
1828 451 2063 543 paffim
2091 478 2208 522 vo-

119 564 262 626 cat3
311 565 457 613 tum
493 545 562 610 in
582 542 895 635 Epistolis
911 541 1038 609 suis
1057 540 1481 612 disertiffimis
1504 544 2024 637 gravissimisque
2059 550 2203 617 Cu-

118 642 281 707 riam
321 640 700 727 Romanam
736 637 853 705 sub
889 637 1157 703 nomine
1177 636 1535 730 Babylonis
1557 638 2018 710 Occidentalis
2056 667 2198 736 gra-

119 734 319 825 phicie
341 734 665 824 depingit.
692 732 871 809 Inter
891 730 1100 798 multa
1120 729 1246 796 alia
1263 733 1594 824 Epist.X1v.
1614 732 1699 799 fic
1719 736 1939 804 scribit
1960 763 1973 804 ε
2015 742 2194 827 Qis,

118 853 209 893 oro
244 876 265 907 ,
311 854 419 894 non
451 828 646 920 fhgiat
680 825 1002 915 Babylonem
1065 825 1377 904 (Curiam
1428 826 1809 896 Romanam
1862 833 2197 902 Avinione

115 939 262 989 tum
299 922 684 989 refidentem
719 921 965 997 innuit)
1007 920 1082 998 (ῥ’
1115 926 1387 987 Vitiorum
1396 921 1586 1009 fimul
1610 930 1896 1004 omnium,
1943 928 2196 1005 &labo-

105 1023 195 1098 ris
229 1045 290 1084 ac
323 1023 489 1084 totius
521 1022 602 1083 mi
621 1023 738 1082 eriae
775 1017 1017 1082 domum.
1100 1028 1190 1079 De
1221 1039 1327 1106 qua
1362 1017 1582 1106 quidem
1614 1020 1828 1111 aliquid
1854 1015 1991 1113 nosse
2024 1022 2195 1091 debes.

116 1119 183 1177 Vi
204 1140 236 1178 a
270 1115 458 1203 loquor
490 1157 511 1189 ‚
557 1135 668 1176 non
699 1111 908 1176 audita.
954 1106 1039 1174 Ibi
1071 1110 1225 1174 nulla
1241 1115 1427 1200 pietas
1446 1155 1466 1188 ‚
1512 1114 1666 1177 nulla
1698 1111 1945 1181 charitas
1976 1166 1991 1189 ,
2037 1122 2193 1185 nulla

94 1207 241 1293 fides
273 1256 290 1279 ‚
333 1207 486 1270 nulla
539 1210 649 1269 Dei
698 1209 1019 1296 reverentia
1055 1249 1077 1282 ,
1122 1204 1306 1269 nullus
1339 1209 1510 1270 timor
1545 1251 1567 1283 ,
1611 1203 1958 1294 nihilficnch
1988 1259 2004 1284 ‚
2051 1210 2205 1278 nihil

88 1300 231 1390 justi
245 1350 260 1374 ‚
306 1297 456 1366 nihil
482 1303 616 1390 aqui
631 1348 647 1371 ‚
693 1296 846 1364 nihil
856 1297 1017 1390 penst
1028 1344 1049 1375 ,
1095 1295 1250 1365 nihil
1274 1298 1510 1389 denique
1542 1297 1796 1368 humani.
1843 1315 2025 1371 Amor
2042 1353 2063 1384 ‚
2082 1327 2193 1398 pu-

113 1396 216 1462 dor
231 1445 249 1467 ,
294 1396 451 1460 decor
468 1442 489 1473 ,
535 1393 737 1459 candor
767 1395 898 1460 inde
931 1395 1171 1458 exulant.
1218 1406 1307 1459 De
1341 1400 1581 1460 Veritate
1595 1397 1820 1488 quidem
1816 1399 1969 1486 stleo.
2026 1416 2193 1487 Ἄρνη

113 1495 234 1581 quis
265 1515 512 1582 unquam
549 1513 692 1555 vero
721 1491 862 1555 locus
895 1538 909 1561 ‚
957 1485 1052 1554 ubi
1088 1486 1274 1554 omnia
1305 1489 1604 1556 mendaciis
1639 1494 1811 1582 plena
1826 1495 1969 1584 stint
2000 1544 2016 1568 ,
2063 1505 2159 1562 ae'r
2175 1546 2198 1570 ,

113 1603 266 1651 terra
282 1634 297 1657 ‚
344 1583 534 1650 domus
552 1631 574 1663 ,
618 1603 796 1651 turres
814 1633 828 1658 ‚
865 1588 984 1649 vici
1018 1632 1033 1655 ,
1080 1588 1229 1648 atria
1246 1633 1261 1656 ,
1296 1586 1488 1676 platea
1509 1631 1529 1662 ,
1560 1592 1806 1676 porticus
1820 1636 1836 1660 ‚
1884 1588 2152 1676 vestibula
2169 1637 2192 1668 ,

112 1682 239 1745 aula
260 1726 275 1750 ‚
322 1676 593 1752 thalami,
638 1682 906 1745 tectorum
940 1681 1219 1770 laquearia
1254 1724 1275 1756 ,
1321 1703 1609 1745 murorum
1643 1685 1853 1748 rimula
1885 1732 1901 1757 ,
1947 1684 2200 1776 diveifi·

107 1779 199 1841 ria
232 1775 436 1840 adium
466 1820 486 1852 ,
520 1775 827 1865 penetralia
864 1781 921 1839 T
912 1775 1214 1863 emplorum
1247 1818 1269 1851 ‚
1317 1772 1597 1864 Judicum
1610 1773 1867 1866 stcbſsllia
1901 1788 1939 1855 ,”
1969 1782 2192 1869 Pontfi-

115 1893 241 1934 cum
254 1867 458 1959 sedes?
503 1866 802 1957 Epistola
836 1866 1168 1956 superiore
1186 1890 1361 1934 nona
1383 1867 1762 1936 Romanam
1785 1872 2064 1938 Curiam
2082 1885 2192 1939 La-

115 1960 360 2051 byrinthi
395 1969 461 2029 &
499 1959 776 2050 Babylonis
810 1967 987 2025 tertiae·
1016 1962 1287 2026 nomine
1320 1959 1784 2030 infamaverat:
1834 1963 1930 2031 ubi
1944 1990 2056 2032 non
2073 1993 2194 2033 car-

115 2083 205 2122 cer
238 2054 544 2123 horrendus
589 2053 701 2133 (fic
738 2057 914 2120 enim
950 2053 1274 2143 loquitur)
1320 2079 1428 2120 non
1460 2054 1737 2147 tenebrosa
1771 2057 1964 2127 domus
1995 2085 2153 2129 error
2167 2109 2193 2143 ,

115 2177 229 2218 non
247 2152 450 2241 fatalis
483 2175 627 2215 urna
661 2146 898 2214 humani
906 2153 1126 2239 generis
1144 2148 1279 2238 ficta
1291 2152 1617 2241 permiscens
1635 2199 1656 2230 ‚
1702 2152 1936 2244 denique
1950 2180 2062 2221 non
2078 2162 2193 2222 im·
2252 2172 2266 2186 ‘

88 2248 341 2341 ‚perioſsts
392 2250 591 2310 Minos
631 2290 649 2327 ‚
693 2268 805 2309 non
840 2249 1205 2308 Minotaurus
1239 2268 1427 2309 vorax
1461 2294 1476 2317 ‚
1521 2246 1935 2313 non-‘damnata
1972 2257 2189 2318 Veneris

118 2358 476 2408 monumenta
510 2338 787 2428 defuerint
805 2383 825 2414 ,
851 2336 960 2426 std
988 2337 1228 2402 remedia
1249 2384 1270 2415 ,
1297 2338 1406 2426 sed
1429 2364 1588 2404 amor
1605 2386 1625 2418 ,
1650 2342 1763 2430 sed
1790 2339 2026 2411 charitas
2048 2391 2066 2422 ,
2080 2345 2193 2437 fid

105 2434 490 2529 promiſjbrum
510 2433 656 2521 fides
673 2479 693 2510 ,
719 2430 825 2523 std
854 2436 1029 2496 amica
1062 2431 1273 2518 confilia
1307 2482 1321 2504 ‚
1346 2433 1458 2522 std
1470 2435 1589 2521 fila'
1599 2438 1925 2526 perplexum
1958 2445 2066 2504 iter
2098 2460 2186 2506 ta-

119 2537 227 2597 cita
262 2549 352 2621 ope
378 2528 651 2620 signantia
670 2573 690 2604 ,
715 2526 825 2617 ſsd
854 2526 1109 2592 Ariadna
1125 2576 1142 2599 ,
1166 2526 1277 2615 sed
1289 2528 1580 2607 Dadalu53
1629 2554 1739 2595 una
1752 2530 1878 2622 spes
1889 2531 2092 2621 stlatis
2123 2541 2188 2602 in

119 2649 253 2690 auro
304 2650 333 2687 e
372 2642 425 2688 et
459 2667 480 2699 ,
526 2645 658 2688 auro
696 2622 1010 2712 placaretur
1042 2634 1162 2686 Rex
1179 2614 1341 2710 ferus
1376 2667 1397 2698 >
1441 2648 1573 2688 auro
1606 2627 1852 2690 immane
1884 2629 2188 2717 monstrum

121 2724 445 2783 vinceretur
461 2762 481 2793 ,
526 2740 659 2781 auro
693 2716 859 2805 tristis
870 2717 1090 2803 janitor
1122 2718 1460 2782 emolliretur
1474 2767 1489 2789 ,
1537 2742 1670 2783 auro
1692 2723 1901 2785 Caelum
1913 2724 2186 2813 pandere-

120 2830 216 2876 tur
248 2860 263 2884 ‚
309 2835 442 2877 auro
482 2808 724 2900 Christus
758 2808 1111 2874 venderetur.
1160 2809 1457 2900 Epistola
1491 2811 1749 2878 decima
1782 2813 1960 2882 sexta
1978 2841 2090 2885 ore
2108 2817 2185 2883 li-

122 2903 376 2972 berimo
416 2903 500 2970 de
534 2902 827 2970 universa
864 2902 1207 2970 Pontificis
1242 2903 1389 2971 aula
1424 2903 1509 2971 fic
1531 2910 1949 2996 pronuntiat:
2000 2928 2068 2979 In
2087 2925 2189 2979 Ba-

118 2998 303 3087 bylone
353 3011 535 3089 Regno
584 3003 837 3063 avaritia
869 3046 884 3070 ‚
914 2998 1120 3086 fictura
1170 3005 1303 3065 vita
1343 3001 1458 3091 fpes
1505 3007 1688 3069 inanis
1737 3006 1981 3095 quadam
2013 3006 2189 3097 fabu-

122 3098 175 3159 la
199 3119 210 3159 :
267 3094 339 3171 df
373 3117 482 3185 qua
515 3093 582 3158 de
614 3092 806 3182 inferis
836 3110 1142 3158 narrantur
1159 3140 1179 3172 ,
1210 3092 1458 3183 fhbulostz
1491 3102 1677 3162 omnia
1711 3125 1732 3162 .·
1774 3099 1849 3176 &¹
1881 3104 2199 3189 ressirrectio

124 3194 304 3254 carnis
338 3234 358 3265 2
405 3186 477 3263 ὠ
527 3187 723 3253 mundi
754 3188 892 3275 finis
925 3234 946 3266 ‚
1008 3187 1084 3264 dy
1108 3235 1118 3255 .
1138 3186 1380 3280 Christus
1429 3191 1506 3256 ad
1530 3192 1812 3282 judicium
1862 3214 2136 3261 venturus
2169 3242 2194 3274 ³

123 3288 269 3352 inter
318 3286 516 3351 naenias
567 3278 856 3349 habentur.
957 3279 1207 3350 Similia
1258 3282 1447 3376 plura
1501 3307 1587 3352 ex
1635 3287 1873 3355 eodem
1938 3288 2190 3355 Petrar-

2071 3382 2196 3448 cha.
