2652 3724
476 170 530 236 ,ἐς
885 147 1507 226 ECCLESIAE
1559 136 2125 217 RoM'ANAE

475 275 775 371 inprimis
811 271 1215 364 temporibus
1248 266 1501 358 aprime
1521 268 1798 359 cognitu
1815 266 2156 333 necessaria
2174 304 2193 347 3
2230 265 2410 334 aliud
2426 266 2541 333 sci-

478 373 633 440 licet
653 370 774 437 effe
787 371 1023 462 florem,
1071 362 1255 430 aliud
1289 366 1546 442 Floram3
1595 361 1778 429 aliud
1797 372 2041 428 Veterem
2060 409 2081 439 3
2126 362 2308 429 aliud
2325 388 2539 428 novam

479 467 772 533 Romam
789 501 833 542 5,
856 458 1037 540 aliud
1050 460 1280 547 fidelem
1298 459 1633 524 civitatem
1654 504 1674 536 3
1719 455 1903 524 aliud
1934 458 2246 523 adulteram
2262 495 2280 537 3
2329 466 2394 526 δε
2414 481 2539 547 pro

476 584 633 639 vero
651 575 799 623 ante
817 555 1135 620 ducentos
1153 574 1355 619 annos
1372 551 1881 634 Theodoricum
1903 552 2140 620 Uriam
2162 598 2184 630 3
2230 552 2541 643 Augusti-

477 655 741 720 nianum
778 646 1197 729 Monachum
1235 645 1579 730 affirmasse
1614 693 1635 724 3
1681 647 1963 736 Ecclestam
2000 660 2308 713 Romanam
2343 672 2412 713 ex
2443 671 2542 712 au-

476 772 570 827 rea
614 751 677 809 m
724 762 1043 835 argenteam
1080 778 1099 821 3
1147 766 1217 823 ex
1251 762 1509 833 argentea
1558 747 1620 806 in
1651 742 1907 831 ferream
1940 779 1959 820 3
2008 767 2078 808 ex
2093 742 2287 832 ferrea
2330 748 2392 806 in
2433 761 2543 806 ter-

477 864 630 905 ream
665 874 684 916 3
733 862 804 902 ex
838 856 1018 918 terrea
1050 842 1112 918 in
1125 838 1459 927 stercoream
1490 834 1670 926 abtz'ſje
1702 872 1721 914 3
1769 835 2076 925 adeoque
2111 882 2133 912 3
2187 836 2375 924 quod
2425 835 2541 901 sci-

479 950 624 999 tum
669 929 982 1022 Scaligeri
1001 929 1120 1011 filii
1156 931 1610 1022 apophtegma
1646 926 1777 996 fuit
1795 976 1817 1007 3
1854 932 2049 1018 juxta
2082 929 2543 1016 σολυῖςύλληῶν

474 1024 644 1091 illud
683 1025 1122 1095 Hebraeorum
1142 1071 1161 1102 3
1209 1036 1275 1120 Γ
1318 1035 1384 1117 ζΞ
1426 1035 1567 1091 *mn
1602 1034 1837 1090 Acetum
1853 1024 2100 1114 filimcst
2132 1031 2264 1090 vim
2283 1061 2300 1102 3
2351 1048 2544 1116 gene-

477 1117 772 1189 rosiffimi
791 1121 927 1189 vini
947 1121 1182 1186 veteris
1204 1116 1553 1210 pessimum
1572 1117 1774 1187 hodie
1791 1137 2053 1185 acetum
2073 1119 2213 1185 effe.
2265 1120 2348 1185 Id
2381 1120 2542 1185 vero

268 1231 455 1293 Historia
480 1213 881 1294 manifestius
903 1233 977 1282 ut
1013 1212 1374 1280 faceremus
1410 1260 1430 1291 3
1478 1211 1691 1278 visum
1743 1211 1834 1279 est
1880 1212 2182 1279 Ecclefiae
2218 1214 2543 1283 Romanae

202 1302 292 1361 ejus
324 1296 399 1361 ft-

190 1379 314 1427 ptem
348 1376 426 1424 pe·-

205 1429 336 1476 riodzbs
367 1430 434 1476 di-

208 1493 321 1560 visa.

480 1309 815 1391 historiam
834 1311 1024 1376 certis
1050 1307 1454 1398 notoriisque
1472 1307 1764 1397 periodis
1783 1307 2097 1374 inclusam
2134 1317 2199 1376 ὃς
2233 1308 2545 1375 arctatam

479 1404 905 1496 distinguere„
940 1406 1169 1493 Atque
1185 1405 1255 1469 in
1272 1401 1645 1469 universum
1665 1402 1925 1492 periodi
1945 1402 2260 1469 distinstae
2295 1402 2545 1493 septem

478 1498 542 1567 se
558 1499 745 1565 nobis
765 1497 1056 1566 offerunt
1075 1535 1095 1577 3
1146 1520 1427 1588 quarum
1461 1503 1652 1563 Prima
1687 1496 2022 1563 historiam
2041 1500 2175 1587 ejus
2201 1499 2268 1562 in
2304 1498 2546 1564 doetri-

478 1617 561 1676 na
579 1602 645 1663 ὃς
663 1583 981 1685 regimine
1015 1594 1298 1685 purioris
1324 1636 1344 1671 3
1391 1591 1472 1657 ab
1510 1595 1563 1682 ej
1573 1614 1645 1657 us
1683 1592 1877 1658 initio
1910 1591 1999 1658 ad
2034 1592 2547 1660 Constantinum

477 1688 581 1771 Μ.
618 1688 839 1779 usque,
887 1690 1130 1754 Secunda
1164 1687 1532 1755 doctrinam
1569 1688 1903 1777 puriorem
1940 1688 2008 1751 in
2028 1689 2379 1777 praecipuis
2399 1690 2549 1754 reti-

477 1785 692 1870 nentis
712 1831 732 1862 3
779 1801 846 1865 at
865 1784 934 1850 in
951 1784 1270 1874 regimine
1288 1782 1812 1849 dominationem
1831 1779 2193 1847 affectantis
2213 1831 2233 1862 3
2282 1784 2318 1847 a
2364 1783 2550 1848 Con-

477 1877 760 1966 stantino
782 1879 884 1945 M.
923 1878 1008 1944 ad
1029 1875 1454 1944 Bonifacium
1474 1876 1599 1941 III.
1637 1875 1858 1965 usque,
1926 1882 2114 1942 Tertia
2151 1876 2550 1943 dominatio-

473 1995 629 2040 nem
647 1974 715 2039 in
733 1969 1457 2064 spiritualibusindultu
1477 1970 1716 2038 Phocae
1737 1969 2155 2061 adipiscentis
2191 2018 2213 2049 3
2259 1972 2411 2039 &in
2431 1970 2550 2037 do-

476 2067 682 2133 Etrina
699 2090 774 2133 ac
794 2067 1023 2149 ritibus
1066 2066 1517 2159 degenerantis
1544 2113 1564 2143 3
1613 2067 1647 2131 a
1669 2063 2023 2131 Bonifacio
2044 2066 2167 2131 III.
2189 2066 2275 2132 ad
2294 2066 2550 2156 Grego-

478 2163 652 2232 rium
692 2162 853 2233 VH.
890 2162 1112 2252 usque.
1197 2164 1438 2248 Qarta
1484 2160 2009 2225 dominationem
2046 2161 2243 2225 etiam
2280 2162 2348 2225 in
2385 2178 2550 2225 tem-

481 2255 813 2346 poralibus
829 2333 832 2335 ,
847 2256 1209 2331 affe&antis
1247 2264 1312 2324 &
1347 2258 1416 2321 in
1454 2253 1749 2320 doctrina
1785 2252 2144 2343 ritibusque
2162 2256 2230 2320 in
2249 2256 2434 2344 pejus
2456 2255 2552 2319 in-

482 2348 622 2414 dies
642 2351 970 2440 vergentis
991 2398 1012 2429 3
1060 2352 1096 2416 a
1116 2350 1445 2441 Gregorio
1469 2349 1628 2418 VH.
1651 2348 1737 2414 ad
1756 2342 2182 2415 Bonifacium
2218 2350 2413 2418 VIII.
2453 2348 2552 2416 us-

479 2465 633 2533 que.
656 2445 892 2530 Qima
911 2444 1433 2511 dominationem
1451 2446 1648 2510 etiam
1667 2445 1734 2508 in
1754 2442 2555 2533 temporalibus3adeoque

490 2537 1147 2628 Caesareo-Papatum
1166 2538 1582 2631 adipiscentis
1607 2586 1627 2616 3
1655 2546 1719 2606 &
1740 2538 2025 2604 eundem
2062 2539 2413 2628 profligata
2434 2539 2553 2602 do-

492 2629 694 2720 &rina
710 2634 962 2721 puriori
981 2635 1163 2716 omni
1185 2631 1507 2725 flagitiose
1527 2634 1908 2708 exercentis3
1929 2634 1964 2698 a
1984 2630 2336 2698 Bonifacio
2357 2632 2552 2699 VIII.

486 2723 579 2789 ad
601 2724 892 2791 Leonem
938 2725 1026 2791 X.
1064 2726 1285 2816 usque.
1348 2740 1513 2795 Sexta
1560 2750 1678 2816 per
1696 2723 2273 2791 Reformationem
2293 2724 2357 2793 ὃς
2376 2724 2554 2816 sepa-

493 2816 814 2882 rationem
850 2817 1149 2885 fidelium
1183 2820 1532 2910 potestatis·
1570 2818 1907 2906 utriusque
1956 2817 2212 2884 cladem
2265 2819 2551 2910 gravissi-

497 2929 674 2974 mam
698 2911 1004 2999 patientis
1042 2960 1062 2990 3
1111 2916 1146 2980 a
1170 2916 1393 2981 Leone
1412 2914 1499 2981 X.
1520 2912 1606 2978 ad
1627 2910 1921 2978 Concilii
1944 2911 2328 2980 Tridentini
2350 2913 2552 2982 finem

496 3000 715 3089 usque.
753 3010 990 3094 Septima
1008 3006 1294 3095 denique
1311 3033 1435 3098 per·
1447 3005 1705 3075 novella
1726 3005 1987 3072 decreta
2006 3005 2186 3086 fidei3
2207 3016 2271 3077 ὃς
2292 3010 2554 3075 anathe-

479 3095 826 3170 ⁴matismos
845 3097 1020 3163 diros
1039 3101 1106 3163 in
1124 3123 1334 3167 errore
1350 3101 1804 3178 obfirmatae3&
1824 3123 1976 3165 cum
1996 3125 2141 3168 vera
2164 3103 2411 3169 Christi
2430 3103 2555 3168 Ec-

496 3186 681 3253 clefia
701 3187 931 3255 fraude
949 3197 1014 3256 &
1033 3193 1100 3256 vi
1120 3195 1433 3259 continue
1474 3194 1860 3259 decertantis
1879 3230 1898 3272 3
1938 3198 2126 3263 certis
2145 3221 2359 3264 rerum
2380 3197 2553 3264 testi-

491 3283 732 3353 moniis
753 3282 1292 3375 documentisque
1309 3284 1595 3367 τηιυῖόμωε
1619 3313 1680 3353 τε
1696 3292 1736 3373 29
1756 3280 2026 3369 'ffinffipcaes
2053 3292 2550 3384 repraesentabit.

2193 3387 2316 3453 ΙΙΙ.
2345 3385 2552 3453 Tem-
