2678 3646
643 137 1262 214 PERIODUS
1312 141 1733 220 SEXTA?
2046 146 2178 225 '201
2260 217 2263 222 .

100 282 479 358 pugnatum
508 259 608 330 'est
642 260 724 328 ab
764 258 1097 329 Helvetiis
1133 261 1216 329 ad
1247 261 1620 331 Novariam
1640 311 1661 344 ‚
1705 260 2020 358 ‘caesaque
2036 267 2187 338 sunt

103 362 459 428 Gallorum
479 354 690 425 multa
726 354 947 425 millia.
996 355 1281 424 Biennio
1315 358 1464 449 post
1498 362 1738 428 iterum
1773 362 2188 430 memorabili

103 477 331 548 pugna
347 455 435 521 ad
456 453 928 545 Marignanum
945 452 1013 517 in
1032 472 1194 544 agro
1213 453 1736 534 Mediolanensi,
1781 479 1936 523 cum
1971 457 2184 525 Gallis

104 551 407 618 Helvetii
426 548 783 616 conflixere
803 591 824 625 ,
857 546 973 613 ubi
991 545 1342 635 Gallorum
1361 548 1553 640 supra
1572 551 1933 619 duodecim
1952 598 1973 631 ,
2012 553 2087 619 H
2091 552 2178 620 el-

103 648 435 713 vetiorum
454 643 644 735 supra
665 642 773 711 sex
791 640 998 709 millia
1015 641 1199 710 letho
1235 643 1388 710 data
1423 646 1588 711 sunt.
1640 650 1899 737 Captus
1935 645 2026 714 est
2061 670 2172 715 au-

97 756 234 807 tem
255 743 419 808 Dux
453 736 709 805 Sforcia
746 785 766 817 ,
813 746 880 807 ὃς
916 735 1388 804 Mediolanum
1422 739 1640 830 ipsum
1676 740 1744 807 in
1780 740 2174 832 potesta-tem

97 835 427 902 Francisci
449 833 496 900 I.
514 835 832 924 pervenit.
886 833 1026 898 Leo
1063 830 1418 923 versipellis
1437 842 1503 904 δε
1523 830 1860 901 fortunam
1880 838 2172 926 partium
2193 875 2291 904 mox
2311 859 2507 921 conversa

91 929 463 1019 speculatus
480 977 495 1001 ,
543 927 658 994 ubi
678 926 1014 995 fortunam
1034 926 1244 992 Gallis
1266 923 1487 994 favere
1503 930 1971 999 animadvertit
1988 978 2009 1010 ,
2045 924 2364 1034 foe-{mm
2389 928 2496 1014 Ψ·

92 1026 246 1091 dere
268 1024 569 1092 Caesareo
588 1021 840 1090 violato
859 1068 880 1100 ‚
927 1044 1081 1087 cum
1104 1020 1160 1087 F
1164 1021 1453 1088 rancisco
1488 1022 1840 1091 Gallorum
1880 1024 2073 1117 Rege
2106 1049 2172 1093 a·
2189 1006 2377 1102 135⁰?
2394 1002 2495 1053 ’Μ’

90 1121 412 1186 micitiam
467 1117 800 1185 conneffit
837 1166 855 1194 ,
901 1113 1100 1204 eique
1138 1114 1412 1205 Imperii
1449 1116 2172 1210 Constantinopolitani

85 1237 399 1282 coronam
418 1260 440 1292 ,
487 1234 690 1303 quam
708 1231 1051 1298 nunquam
1071 1208 1340 1288 habuit,
1377 1207 1655 1293 confert.
1712 1219 2075 1304 Comperta
2094 1239 2168 1285 ea
2275 1251 2278 1253 ·

82 1332 151 1374 re
186 1306 689 1378 Maximilianus
727 1302 959 1373 dixisse
996 1301 1204 1370 fertur
1223 1350 1243 1382 ‚
1264 1309 1399 1392 jam
1435 1329 1572 1370 vere
1583 1309 1653 1396 st
1684 1306 1967 1398 affirmare
1984 1306 2128 1400 poffZ
2146 1358 2167 1388 ,

79 1404 226 1495 quod
257 1417 533 1495 Paparum
564 1398 1385 1490 nullusstbz'fidemstrvaverit.
1434 1398 1905 1468 Maximiliano
1924 1393 2163 1469 defun-

57 1498 189 1564 θα)
227 1500 435 1589 magis
472 1498 670 1565 etiam
705 1495 793 1562 ad
828 1492 1010 1561 Galli
1045 1511 1260 1584 partes
1297 1492 1602 1560 adversus
1624 1492 1922 1564 fortunas
1944 1498 2158 1565 Caro·

73 1592 122 1659 li
145 1593 230 1662 V.
269 1593 562 1662 deflexit.
614 1589 894 1680 Scriptis
915 1589 1091 1654 enim
1110 1588 1198 1654 ad
1218 1587 1549 1655 Ele&01·es
1571 1586 1775 1656 literis
1794 1593 2157 1681 pertendit,
2180 1620 2325 1667 cardi
2339 1627 2381 1669 ιν,
2411 1627 2490 1668 ρῑρ,

79 1687 322 1757 Carolo
340 1688 427 1754 ad
445 1687 766 1754 honorem
788 1684 1061 1773 Imperii
1081 1682 1357 1772 aspirare
1393 1702 1526 1748 non
1562 1681 1757 1750 licere
1778 1733 1792 1755 ‚
1844 1686 1927 1751 eo
1964 1688 2157 1777 quod
2178 1687 2300 1736 &mni
2320 1689 2434 1755 ‘’bstst
2449 1691 2494 1752 ἠ

78 1780 300 1872 Reges
322 1779 761 1870 Neapolitani
785 1776 1121 1845 Pontificis
1144 1776 1437 1842 Romani
1456 1776 1725 1844 clientes
1746 1776 1909 1858 fint,
1930 1788 1996 1848 &
2018 1781 2154 1848 fide

74 1877 227 1942 data
239 1878 376 1964 jam
400 1874 564 1940 olim
584 1895 738 1937 cum
760 1869 1197 1937 Pontificibus
1217 1872 1597 1960 pepigerint
1616 1920 1630 1942 ,
1679 1872 1741 1938 se
1761 1873 2153 1942 Romanum
2253 1915 2257 1919 ι

72 1971 438 2061 Imperium
475 1975 824 2055 nunquam‘
851 1964 1281 2053 appetituros,
1327 1965 1639 2053 Cumque
1675 1966 1889 2034 Caesar
1908 1988 2151 2034 creare-

71 2084 178 2132 tur
197 2061 626 2130 nihilominus
649 2055 922 2127 Carolus
941 2103 962 2134 ,
1010 2055 1218 2123 multa
1235 2056 1539 2124 adversus
1559 2057 1747 2126 illum
1768 2060 2150 2141 machinari,

70 2158 411 2248 utriusque
445 2153 685 2222 Siciliae
724 2153 969 2243 Regno
1005 2174 1158 2216 eum
1193 2171 1430 2218 exuere
1447 2198 1461 2224 ,
1510 2159 1577 2220 &
1614 2153 1851 2221 Italico
1901 2154 2150 2248 Regno

68 2252 385 2325 subverso,
405 2248 888 2342 prote&ionen1
910 2245 1283 2312 Civitatum
1301 2243 1506 2312 Italiae
1525 2248 1695 2315 inter
1714 2247 1953 2315 Sedem
1975 2251 2150 2318 Pon-

67 2348 346 2424 tificiam
367 2393 387 2424 ,
434 2342 842 2430 Gallumque
861 2340 1159 2406 dividere
1177 2357 1452 2407 conatus
1472 2339 1579 2408 est.
1629 2345 1808 2411 Cum
1827 2344 1986 2411 vero
2009 2368 2147 2412 ma-
2167 2363 2235 2420 ες
2249 2366 2377 2414 denuo
2390 2388 2483 2418 mu-

67 2442 360 2508 chinatio
380 2442 613 2530 parum
635 2434 1008 2502 succederet
1028 2482 1048 2512 ,
1072 2436 1309 2501 iterum
1331 2434 1646 2502 Protheus
1668 2437 1931 2530 infignis
1950 2485 1972 2517 ,
2006 2441 2148 2529 cstu-
2167 2441 2266 2536 2⁶²³
2279 2432 2461 2509 struma

67 2553 189 2603 tam
224 2535 430 2626 vapido
446 2529 695 2624 strvans
706 2528 818 2620 βψ
836 2531 1053 2620 pestere
1070 2530 1297 2620 vuspem
1315 2575 1334 2606 ,
1382 2529 1729 2622 probeque
1751 2528 1989 2600 do<stus
2009 2533 2143 2601 obli·
2163 2497 2352 2625 1125:ss
2366 2516 2474 2611 ἔχ’

66 2655 237 2721 quare
249 2632 411 2719 sinus
445 2633 507 2693 in
542 2645 819 2702 ventum3
870 2625 905 2691 a
924 2621 1123 2691 Gallo
1142 2623 1228 2688 ad
1248 2623 1567 2691 Caesarem
1588 2625 1820 2694 deficit
1839 2674 1860 2706 ,
1896 2625 2318 2696 foedus-j'f'fsit·

67 2746 199 2813 que
219 2745 372 2788 cum
391 2745 471 2787 eo
491 2720 725 2811 pangit
743 2717 855 2785 has
875 2715 1010 2784 fere
1032 2718 1099 2783 in
1135 2716 1309 2808 leges
1330 2764 1349 2797 ,
1369 2804 1373 2808 ⁴
1397 2736 1472 2805 ut
1510 2720 1742 2787 Parma
1778 2730 1843 2790 δε
1880 2721 2148 2790 Placen-

67 2821 158 2884 tia
177 2864 198 2894 ,
246 2816 402 2881 Sedi
430 2816 755 2882 Romanae
791 2811 1275 2879 restituerentur
1293 2859 1313 2889 ,
1362 2811 1745 2882 Franciscus
1781 2814 2038 2884 Sforcia
2074 2820 2143 2884 in

67 2915 409 2979 Ducatum
431 2905 993 2975 Mediolanensem
1013 2907 1434 2974 reduceretur
1452 2955 1473 2986 ,
1491 2907 1672 2975 Galli
1691 2932 1773 2976 ex
1792 2910 1983 2979 Italia
2002 2912 2141 3004 pel-

62 3007 350 3074 lerentur
369 3051 389 3083 ,
437 3001 772 3092 Sede'sque
790 3001 958 3067 adeo
979 3002 1288 3068 Romana
1308 3049 1329 3081 ,
1375 3005 1555 3073 omni
1583 3004 1932 3072 Gallorum
1953 3027 2137 3073 metu

65 3095 354 3178 liberata,
372 3099 441 3166 in
460 3115 610 3166 tuto
629 3095 1076 3164 collocaretur.
1096 3096 1237 3162 Hic
1256 3097 1601 3166 conversus
1623 3090 1847 3169 denuo·
1865 3101 1950 3167 ad
1971 3101 2137 3167 Hel·
2156 3123 2286 3176 opsra
2312 3120 2436 3165 fedu-

61 3198 272 3263 vetios
292 3242 311 3272 ,
334 3215 534 3284 opera
555 3190 921 3260 Cardinalis
942 3189 1329 3259 Sedunenfis
1349 3241 1370 3273 ,
1388 3195 1525 3261 veri
1545 3193 1807 3263 Sinonis
1829 3243 1847 3274 ,
1866 3196 2135 3262 tandem
2154 3180 2278 3291 ἵζ’
2288 3187 2458 3292 [Ἐγὼ

64 3306 183 3383 per
202 3287 521 3381 infignem
540 3285 841 3357 fraudem
878 3288 914 3356 a
949 3286 1299 3380 Tigurinis
1334 3288 1670 3383 suppetias
1707 3282 1816 3358 sex
1853 3288 2139 3356 millium
2157 3276 2234 3355 εἷος
2259 3269 2440 3371 „efass‘ssss'

838 3409 841 3410 ν
1086 3387 1144 3451 C
1168 3405 1203 3449 C
1926 3384 2137 3475 ilnpe-
2156 3375 2333 3425 dividit.
