2678 3646
117 267 437 341 ”varezius
457 315 478 350 ‚
528 268 915 338 Lufit-'a'nicae
934 268 1282 362 legationis
1301 271 1369 337 in
1389 271 1747 364 AEthiopia
1767 269 2083 343 Sacerdos
2099 324 2116 350 ‚
2135 278 2212 346 li-

131 382 299 434 teras
336 368 374 433 ἐι
396 367 589 458 Rege
608 365 1020 456 AEthiopum
1058 365 1320 433 Davide
1357 365 1698 434 Clementi
1717 368 1784 438 V
1806 368 1841 435 Ι
1859 369 1911 436 Ι.
1947 371 2028 438 Α.
2050 390 2125 438 u.
2146 396 2201 437 ι).

125 482 311 527 ‘xxxr
333 484 359 527 1
380 483 432 526 1.
471 455 719 549 obtulit
751 506 773 539 ,
836 460 1158 549 fimulque
1192 462 1621 529 reverentiam
1657 470 1723 530 &
1757 463 2205 532 obedientiam

135 556 349 647 Regis
385 557 652 635 nomine
686 553 1028 624 eiobtulit.
1078 556 1156 620 In
1175 554 1356 645 spem
1376 554 1461 621 sic
1479 555 1728 622 erectus
1750 557 1926 649 Papa
1947 559 2037 626 est
2055 607 2076 638 ,
2108 557 2210 626 fo-

126 673 197 715 re
231 668 306 717 ut
324 651 563 716 damna
582 696 604 727 ,
655 671 805 739 quae
811 652 952 738 jam
970 650 1041 716 in
1061 649 1441 716 Occidente
1477 651 1689 740 paffus
1718 651 1816 718 est
1834 699 1855 730 ,
1903 652 2084 721 brevi
2105 653 2208 720 O-

122 744 295 810 riens
315 744 722 813 &Meridies
739 743 1131 811 resarcirent.
1177 742 1421 810 Mansit
1444 746 1478 813 s
1472 747 1687 835 pecies
1707 746 2015 835 quaedam
2038 750 2201 819 ami-

116 839 301 904 ‹citiae
338 839 472 905 diu.
536 839 723 907 Nam
759 837 1101 906 &Paulus
1125 838 1277 904 111.
1307 838 1631 930 Jo'nannis
1667 840 2022 909 Bermudis
2060 843 2202 925 Ro-

127 954 307 1001 mam
343 930 508 999 missi
529 979 550 1011 ‚
597 951 672 999 ut
706 932 950 1002 auxilia
969 956 1093 1022 pro
1132 933 1393 999 Davide
1428 934 1780 1022 aliquoties
1817 936 1997 1003 victo
2016 957 2200 1026 pete-

119 1044 225 1120 ret
242 1076 258 1099 ‚
289 1028 776 1095 ordinationem
790 1028 831 1093 a
855 1025 1296 1116 Metro-polita
1316 1027 1554 1094 Marco
1573 1027 1880 1116 adeoque
1896 1029 2202 1104 schism&

117 1122 266 1187 ‘tico
303 1120 579 1189 Praesule
615 1118 853 1187 factam
874 1166 896 1198 ,
943 1120 1331 1186 confirmare
1363 1144 1495 1186 non
1517 1120 1867 1188 dubitavit.
1912 1121 2075 1214 Spes
2110 1124 2197 1191 sic

113 1198 365 1282 affulfit
384 1264 404 1294 ,
454 1217 773 1307 Regnum
808 1212 1089 1296 ecclefiae
1128 1214 1452 1281 Romanae
1484 1212 1617 1302 'subj
1630 1216 1712 1279 ici
1750 1215 1930 1304 posse
1949 1263 1971 1295 ,
2016 1221 2200 1284 anni-

59 1347 62 1350 >
120 1310 408 1376 tentibus
444 1312 744 1401 inprimis
767 1309 1030 1400 Ignatio
1054 1306 1278 1397 Lojala
1299 1354 1318 1385 ‚
1365 1315 1431 1376 &
1453 1309 1691 1375 Nonio
1729 1309 2000 1377 Berreto
2020 1360 2039 1390 ,
2084 1315 2195 1378 cui

102 1404 157 1470 >a
184 1403 375 1495 Julio
396 1404 479 1471 ΙΙ
504 1407 552 1471 Ι.
591 1401 1046 1471 Patriarchalis
1083 1403 1151 1467 in
1186 1401 1543 1494 AEthiopia
1575 1402 1862 1493 dignitas
1898 1404 2194 1472 confere-

114 1496 310 1565 batur
327 1546 348 1577 ,
394 1501 698 1588 quamvis
715 1497 956 1566 eodem
975 1494 1175 1563 titulo
1184 1499 1323 1586 jam
1343 1514 1492 1562 ante
1512 1496 1548 1561 a
1570 1495 1899 1563 Pontifice
1916 1498 2201 1566 Bermu-·

102 1591 233 1658 vdes
271 1610 537 1660 ornatus
559 1589 776 1673 fuerit.
817 1591 920 1679 adj
931 1590 1320 1657 uctoeidem
1343 1589 1607 1657 Andrea
1629 1588 1902 1657 Oviedo
1924 1592 2191 1682 Episco-

83 1709 208 1777 *po
227 1733 249 1766 ,
295 1689 413 1777 qui
432 1710 569 1753 rem
606 1705 749 1754 tum
788 1685 1143 1775 colloquiis
1171 1684 1359 1751 sacris
1391 1730 1410 1762 ,
1452 1702 1594 1751 tum
1617 1682 1853 1773 asperis
1873 1688 2070 1753 etiam
2091 1712 2186 1754 re-

114 1781 351 1847 mediis
387 1782 725 1853 tantarunt
762 1778 1009 1846 frustra.
1062 1779 1267 1844 Initio
1298 1778 1489 1866 hujus
1510 1776 1729 1869 Selculi
1749 1801 1920 1845 nova
1940 1797 2186 1847 tentata

107 1872 411 1938 miffione
447 1874 517 1939 P.
541 1874 771 1938 Petrus
809 1873 976 1961 Pays
1004 1870 1254 1962 Jesuita
1288 1871 1370 1936 eo
1405 1893 1543 1936 rem
1563 1873 1912 1959 provexit,
1957 1892 2033 1940 ut
2054 1873 2183 1940 Ze-

113 1964 432 2057 dengelus
453 1965 607 2032 Rex
627 1964 881 2053 scriptis
901 1963 988 2028 ad
1010 1962 1515 2036 ClementemV
1531 1964 1612 2031 ΙΙ
1631 1963 1678 2030 Ι.
1697 1971 1761 2031 &
1785 1964 2182 2056 Philippum

109 2059 145 2126 Ι
168 2060 200 2126 Ι
221 2061 270 2126 Ι.
294 2058 633 2151 Hispaniae
652 2076 853 2148 atque
875 2054 1219 2124 Lufitaniae
1258 2058 1521 2148 Regem
1538 2106 1554 2129 ,
1602 2059 1961 2125 amicitiam
1999 2059 2181 2129 suam

100 2152 424 2221 obtulerit
442 2200 462 2231 ,
510 2176 628 2219 nec
650 2176 781 2220 non
818 2150 1058 2218 milites
1080 2198 1100 2229 ‚
1145 2150 1422 2242 opifices
1461 2159 1526 2219 ὃς
1547 2151 1767 2218 Patres
1789 2151 1825 2216 ὲ
1845 2151 2179 2222 Societate

98 2247 144 2339 J
150 2247 259 2315 esu
279 2296 300 2327 ,
319 2249 438 2339 qui
455 2247 772 2337 subjectos
790 2244 937 2313 suos
956 2245 1292 2312 erudirent
1311 2292 1332 2323 ,
1366 2245 1649 2336 petierit.
1698 2268 1896 2335 quam
1919 2245 2007 2315 ob
2027 2271 2178 2315 cau-

106 2342 240 2425 sam
278 2345 314 2410 a
334 2343 460 2408 suis
481 2334 653 2408 nova
672 2341 811 2407 haec
832 2338 1175 2407 molimina
1191 2340 1424 2429 iniquo
1442 2341 1665 2406 animo
1684 2336 2041 2408 ferentibus
2061 2366 2174 2409 oc-

104 2437 275 2504 cisus
294 2437 402 2504 est.
450 2436 531 2502 Ei
552 2433 1040 2531 postJacobum
1057 2432 1494 2500 succedaneus
1515 2433 1670 2499 Rex
1689 2432 1967 2500 Susneus
1988 2483 2008 2514 ,
2029 2436 2175 2518 Ro-

109 2533 318 2599 manis
359 2529 582 2598 favens
603 2576 622 2608 ‚
669 2527 1022 2618 colloquiis
1041 2550 1195 2594 cum
1222 2526 1489 2620 Jesuitis
1524 2526 1792 2618 publice
1826 2529 2177 2610 institutis>
2260 2532 2269 2542 ’

107 2626 398 2719 eousque
417 2621 723 2716 procellit
743 2669 763 2700 ,
780 2640 857 2689 ut
875 2621 1095 2689 edicto
1113 2624 1181 2688 in
1203 2623 1667 2691 Romanorum
1700 2619 1999 2699 favorem
2019 2647 2175 2691 con-

106 2721 294 2797 dito,
340 2719 489 2810 post
522 2717 741 2785 turbas
763 2738 987 2807 graves
1023 2733 1166 2783 tum
1187 2717 1253 2782 in
1275 2715 1561 2805 Regno,
1607 2734 1753 2784 tum
1787 2715 1868 2782 ab
1890 2717 2173 2786 Alexan-

105 2813 309 2879 drinis
330 2830 574 2884 motas,
621 2810 890 2901 publice
911 2804 1340 2878 Alexandrini
1375 2810 1766 2879 Patriarchae
1798 2811 2176 2902 excuss‘oju-

109 2929 199 2997 go
219 2952 240 2983 ,
288 2907 667 2973 Romanam
701 2903 1087 2995 religionem
1134 2903 1481 2996 amplexus
1517 2949 1538 2982 ‚
1599 2902 2026 2981 declaraverit
2043 2953 2063 2983 ,
2109 2907 2190 2973 se>

107 3000 306 3090 Papae
345 2999 658 3066 Romano
679 3045 697 3077 ,
745 2998 923 3066 Petri
956 2998 1335 3077 successori,
1383 3015 1619 3088 utpote
1637 2999 1753 3088 qu'i
1775 3001 1979 3066 necin
2002 2999 2169 3074 fide,

110 3115 230 3160 nec
265 3095 334 3160 in
353 3092 643 3160 moribus
678 3114 885 3161 errare
902 3091 1099 3184 poflit
1118 3140 1139 3172 ,
1185 3092 1452 3160 obedire
1482 3090 1652 3159 velle
1670 3129 1689 3173 3
1738 3093 2035 3161 subditos
2056 3113 2169 3172 ,ut

105 3189 288 3255 idem
322 3184 650 3268 facerent,
693 3187 1095 3255 adhortatus.
1146 3186 1376 3255 Rebus
1396 3188 1487 3253 ita
1504 3208 1587 3253 ex
1605 3204 1769 3255 voto
1790 3187 2170 3264 fluent-ibim,

111 3282 393 3351 Urbano
413 3274 740 3351 Pontifice
755 3331 771 3355 ‚
819 3289 887 3351 &
906 3282 1286 3349 nominante
1303 3280 1624 3374 Philippo
1645 3275 1677 3349 Ι
1698 3282 1785 3353 V.
1805 3304 1886 3350 ex
1898 3281 2174 3373 Jesuita-

1143 3377 1206 3444 A
1224 3399 1260 3442 a
1278 3398 1313 3442 a
2023 3394 2171 3440 rum
