2678 3646
516 117 1726 225 PERIoDUsSEPT-IMA.
2032 184 2171 257 413

95 293 278 346 rente
311 291 455 343 rota
490 271 743 341 nonnisi
781 278 1009 340 ur'ceus
1029 273 1256 340 exivit.
1302 276 1552 367 Neque
1587 275 1673 343 fic
1709 292 1928 343 tamen
1947 278 2175 346 adula-

84 389 202 441 tor
235 370 493 460 aliquid
544 369 758 447 dixit,
820 368 1009 458 quod
1047 368 1399 434 humanam
1435 370 1674 439 sortem
1708 371 1969 462 superet
1990 415 2017 447 -‚
2061 373 2171 441 vel

98 466 370 536 Christo
407 465 678 535 Vicario
716 470 781 531 ὅ(
819 463 1173 530 Vice-Deo
1211 464 1530 532 eximium
1562 465 1657 533 fit.
1705 465 1951 534 Omisit
1970 468 2171 535 etiam

92 560 407 629 nonnulla
427 606 448 638 ,
481 560 643 647 'quae
668 559 807 645 jam
828 574 972 622 tum
994 556 1284 624 constare
1302 569 1612 649 poterant
1630 607 1651 638 ,
1697 583 1987 651 quorum
2006 561 2170 629 alte-

94 679 243 723 rum
280 677 433 720 cum
471 653 696 742 paucis
717 650 1154 734 Pontificibus
1177 675 1530 719 commune
1549 702 1570 733 ,
1588 656 1865 721 alterum
1885 655 1999 721 fibi
2017 679 2173 746 pro-

90 752 314 841 prium
351 747 596 814 habuit.
646 747 746 813 Ac
782 746 964 834 prius
985 747 1259 834 quidem
1281 793 1302 824 ,
1349 750 1542 837 quod
1577 748 1780 816 literis
1816 768 2162 840 utcunque
2192 779 2295 838 eju,
2332 782 2474 829 phao-

92 844 383 912 imbutus
405 840 519 907 sub
553 841 821 905 nomine
840 838 1177 907 Philomathi
1211 861 1520 930 poemata
1555 843 1785 911 edidit.
1836 843 2165 912 Posterius
2193 845 2474 905 ”¹·¹²b¹'⁴›<⁶>⁹

93 940 252 1005 vero
273 985 293 1016 ‚
340 935 532 1026 quod
565 934 1024 1001 Mahometem
1057 942 1136 1001 eo
1170 935 1315 1024 ipso
1351 954 1652 1027 tempore
1685 937 2162 1028 Imperatorem
2175 912 2503 1039 ῗζζὲηῗήζζῖξ

92 1033 466 1101 Turcicum
502 1030 743 1119 quinto
762 1028 972 1117 gradu
1008 1028 1587 1121 consanguinitatis
1606 1077 1628 1110 ,
1673 1054 1755 1098 ex
1773 1030 1985 1099 Alanc
2006 1034 2164 1101 Mo·
2187 1030 2266 1102 quo*
2282 1042 2511 1099 ‚Mahume-

91 1127 310 1218 ruglio
330 1172 351 1204 ,
399 1124 740 1190 communi
775 1121 972 1212 stirpe
991 1130 1057 1191 ὃς
1075 1125 1298 1189 Atavo
1317 1125 1657 1215 utriusque
1676 1125 1967 1213 Parentis
1990 1128 2162 1196 Pon·
2187 1115 2421 1220 32⁶2?ss
2432 1187 2500 1225 m,

87 1222 283 1292 tificii
302 1218 704 1296 &Turcici3
753 1215 1030 1306 peflimo
1051 1218 1284 1306 utique
1303 1219 1527 1284 omi-ne
1545 1220 1849 1311 contigit.
1897 1223 1998 1286 uti
2017 1224 2163 1311 qui·
2186 1239 2303 1297 tigit.
2379 1218 2381 1220 ’

90 1316 245 1383 dem
282 1313 607 1384 Pastorius
642 1312 711 1377 in
733 1310 1092 1402 Henninge
1110 1310 1413 1378 redivivo
1414 1331 1546 1404 pag.
1578 1331 1650 1404 15
1667 1335 1727 1403 9.
1760 1314 2161 1384 demonstra-

92 1428 209 1478 vit.
838 1453 845 1461 ·

180 1510 240 1574 C
261 1507 319 1572 C
346 1504 402 1570 L
423 1503 494 1570 X
515 1502 551 1569 Ι
569 1501 655 1571 V.
694 1500 835 1570 Vix
855 1499 1163 1567 admotus
1186 1500 1640 1593 gubernaculis
1660 1502 1751 1569 est
1769 1504 2163 1579 Alexander,
2190 1538 2384 1593 papatus
2423 1535 2509 1592 ejus

88 1603 240 1670 cum
278 1598 516 1665 honori
549 1598 686 1686 ejus
706 1596 774 1660 in
796 1595 1237 1664 Pedemontio
1273 1619 1390 1686 per
1423 1595 1740 1662 immissos
1762 1597 2463 1679 Emiffar10S,init²·¹2⁹ede·

88 1698 316 1786 igneos
351 1691 500 1758 illos
535 1689 875 1757 turbarum
912 1690 1279 1762 incentores
1317 1691 1518 1781 nigris
1553 1689 1809 1764 hostiis,
1859 1693 2161 1760 humanis
2186 1666 2507 1790 ζζξζξῗῗὲᾗῖζ,

93 1787 421 1855 coesorum
454 1783 961 1851 lamentabiliter
995 1784 1279 1852 victimis
1314 1783 1578 1850 litatum
1614 1783 1720 1851 est.
1771 1786 2160 1876 Priusquam
2185 1808 2271 1844 tur-

93 1900 314 1948 autem
350 1880 678 1969 tragicum
713 1876 862 1942 sane
881 1923 901 1953 ,
936 1875 1249 1966 lustuque
1270 1885 1335 1945 ὃς
1357 1878 1620 1944 miseriis
1639 1878 1915 1968 plenum
1935 1882 2162 1948 drama

93 1960 592 2067 prosequimur}
640 1969 844 2061 paulo
863 1968 1057 2036 altius
1078 1994 1213 2037 rem
1234 1990 1525 2061 repetere
1533 1973 1811 2060 juvabit.
1858 1975 1936 2040 In
1957 1975 2163 2043 tribus

68 2067 517 2138 ·Pedemontii
534 2063 841 2136 vallibus,
894 2064 1221 2137 Lucerna,
1270 2065 1501 2132 Perosa
1520 2074 1585 2134 &
1607 2065 1668 2132 S.
1692 2068 1990 2136 Martino
2007 2070 2169 2137 inde

90 2166 128 2232 a
164 2161 545 2253 quingentis
564 2159 746 2226 annis
767 2158 1156 2249 Euangelici
1176 2206 1197 2236 ,
1219 2158 1680 2227 VV-aldenfium
1701 2164 1969 2229 nomine
1986 2213 2001 2237 ,
2023 2164 2167 2231 Ro-

89 2280 280 2324 mana
315 2242 634 2328 Ecclefia'‚
685 2276 805 2318 ceu
824 2251 1331 2319 Antichristiana
1366 2262 1431 2322 &
1453 2253 1837 2345 Apostatica
1856 2256 2119 2325 *deserta
2139 2306 2161 2339 ,

87 2350 381 2443 segreges
417 2366 631 2415 coetus
652 2345 959 2412 fecerant.
1009 2348 1114 2413 De
1132 2369 1361 2413 eorum
1396 2349 1684 2440 origine,
1732 2353 2161 2443 propagatio-

89 2470 171 2513 ne
207 2454 271 2514 &
309 2442 760 2535 persecutione
794 2439 984 2529 supra
1000 2442 1077 2527 ſs.
1101 2464 1171 2506 vc,
1194 2446 1340 2508 c1v.
1378 2465 1476 2508 cv.
1500 2441 1815 2533 „pluscula
1846 2446 2160 2513 diximus.

2 2576 3 2579 ¹
91 2535 633 2608 Cruentiffimam
665 2535 967 2601 omnium
985 2534 1288 2602 adversus
1319 2534 1467 2604 illos
1491 2537 2020 2627 persecutionem
2057 2542 2163 2608 In-

78 2634 432 2702 nocentius
471 2631 539 2700 V
563 2630 595 2695 I
616 2629 649 2694 I
669 2629 719 2694 Ι.
760 2629 838 2696 A.
861 2654 919 2691 M.
944 2650 1114 2694 cccc.
1139 2646 1395 2697 Lxxxv'I
1417 2654 1469 2697 1.
1485 2631 1804 2711 instituit,
1826 2633 2014 2700 misso
2036 2636 2162 2701 Le-

85 2747 243 2821 gato
276 2725 394 2794 suo
412 2772 433 2805 ,
480 2723 757 2792 Alberto
777 2723 862 2788 de
884 2722 1266 2813 Capitaneis
1287 2772 1307 2802 ,
1326 2724 1544 2792 delere
1562 2734 1629 2795 δε
1647 2726 2026 2794 exscindere
2043 2751 2163 2795 eos·
2241 2746 2252 2758 ·

90 2823 275 2889 omni
310 2834 793 2886 tormentorum
830 2838 1064 2906 genere
1100 2819 1442 2887 connixus,
1493 2818 1626 2885 Sed
1647 2819 2037 2904 Waldenses
2056 2845 2161 2909 ca-

87 2917 222 3007 ptis
258 2937 382 3003 pro
407 2911 577 3001 justa
611 2909 708 2977 sui
741 2909 1045 2976 adversus
1083 2909 1363 2979 latrones
1399 2910 1776 2980 defensione
1805 2917 2033 2988 armis,
2077 2917 2163 2982 li-

87 3012 407 3076 bertatem
426 3007 463 3073 a
484 3003 806 3094 Philippo
825 3003 894 3071 V
915 3003 949 3070 I
969 3004 1019 3070 Ι.
1042 3006 1234 3072 Duce
1251 3005 1591 3074 Sabaudiae
1613 3054 1633 3086 ,
1668 3007 2019 3099 postquam
2038 3007 2161 3076 fal·
2250 3030 2253 3032 ’

83 3102 176 3170 sas
213 3110 279 3170 Sc
303 3102 568 3191 ,ineptas
604 3097 1099 3166 Monachorum
1123 3100 1516 3189 jactantium
1550 3102 1719 3168 inter
1751 3102 1917 3182 alia,
1962 3103 2154 3170 liber'os

80 3195 446 3283 PValdenstum
480 3193 766 3284 monstrasti
798 3192 895 3282 ff
909 3193 1104 3283 forma
1122 3239 1144 3271 ‚
1190 3219 1297 3260 uno
1316 3200 1378 3260 in
1395 3195 1594 3286 fronte
1609 3199 1754 3264 oculo
1774 3244 1794 3276 ,
1839 3198 1913 3275 &
1929 3216 2164 3287 quater-·

84 3317 159 3361 na
191 3296 494 3384 nigrorum,
532 3289 784 3362 dentium
817 3288 962 3380 strie
997 3338 1016 3369 ‚
1075 3289 1281 3451 &ek-{u
1313 3289 1698 3379 formidabiles
1732 3328 1752 3375 5
1795 3290 2157 3448 ›calumbnias

574 3425 577 3427 v
987 3411 993 3418 ·
1301 3404 1333 3472 3
1649 3431 1652 3434 -
1957 3407 1994 3450 a
2042 3407 2163 3450 un·-
