2678 3646
500 143 627 238 395
892 117 1505 195 ECCLESIAE
1551 112 2114 188 ROMANAE

484 254 653 320 ,sano
676 301 691 325 ‚
737 234 1443 322 devotum‘Pontificiis
1462 235 1620 308 diris
1639 279 1661 312 ‚
1708 254 1789 297 ne
1824 231 2263 304 dominationi
2295 239 2421 308 suae
2453 243 2549 310 in-

502 342 855 413 tercederet
873 381 894 411 ,
939 330 1227 418 aliasque
1245 328 1332 395 ob
1351 327 1564 394 causas
1582 375 1597 399 ‚
1646 326 1870 392 Roma
1888 325 2271 418 relegaverit
2292 357 2306 397 z
2354 353 2429 402 ut
2448 358 2553 401 ne-

501 438 680 529 gotia
715 424 1065 498 Pontificia
1103 422 1335 488 cuncta
1353 422 1438 486 ad
1471 420 1534 487 se
1568 420 1835 486 traxerit
1856 467 1880 500 ,
1918 420 2247 511 supplices
2283 426 2558 494 Pontifi-

498 531 560 595 ci
592 521 941 592 subdustos
961 517 1093 583 sola
1111 516 1437 592 audiverit
1465 560 1486 592 ,
1528 514 1649 579 reis
1668 536 1900 603 poenas
1936 514 2125 604 supra
2146 520 2455 585 meritum
2473 519 2557 586 ir-

498 618 822 704 rogaverit
841 660 861 692 ,
909 633 1176 677 munera
1195 617 1260 678 δε
1280 608 1631 698 dignitates
1651 625 1776 696 pro
1794 605 1988 678 libitu
2007 608 2402 679 distribuerit
2419 659 2442 692 ,
2468 631 2563 680 at-

499 689 630 804 qtie
663 712 740 776 iis
775 705 1048 797 aliisque
1084 703 1301 769 modis
1350 701 1797 781 inexhaustam
1841 704 2271 791 pecuniarum
2305 708 2560 798 voragi-
2663 767 2666 770 ,

498 828 646 874 nem
685 802 862 868 brevi
882 818 1183 888 tempore
1217 796 1540 885 coegerit:
1592 812 1667 860 ut
1687 792 2082 884 leges-novas
2106 796 2323 866 fixerit
2340 846 2362 877 ,
2383 819 2563 867 vete-

500 922 597 968 res
620 893 1024 968 Pontificum
1044 889 1556 981 praecedentium
1577 886 1865 955 refixerit
1887 908 1997 956 :ut
2022 892 2369 981 Nepotem
2389 892 2565 961 Mal-

498 992 855 1060 dachinum
891 988 1191 1053 omnium
1224 981 1733 1054 stolidissimum,
1780 984 2002 1049 animo
2038 992 2102 1053 ὃς
2139 1009 2416 1076 corpore
2448 987 2563 1054 de÷

500 1084 782 1153 formem
802 1132 816 1154 ,
863 1078 1343 1147 adolescentem
1362 1075 1582 1141 adhuc
1605 1075 2041 1144 Cardinalitia
2059 1102 2352 1170 purpura
2368 1131 2383 1155 ‚
2403 1082 2568 1148 invi-

408 1242 410 1244 .
502 1199 575 1248 to
614 1174 974 1251 Pontifice‚
1022 1172 1398 1238 donaverit:
1449 1188 1525 1236 ut
1546 1189 1937 1260 procurante
1960 1172 2315 1240 Cardinale
2334 1175 2568 1243 Panzi-

504 1271 648 1340 rolo
668 1317 688 1349 ,
736 1267 1061 1336 Camillus
1080 1263 1309 1333 Astalli
1328 1310 1348 1341 ‚
1385 1262 1666 1352 juvenili
1684 1281 1874 1331 aetate
1892 1265 2133 1356 Nepos
2152 1266 2232 1333 ab
2253 1269 2571 1335 In'nocen-

508 1368 604 1434 tio
643 1360 999 1452 Pamphilii
1018 1359 1284 1425 nomine
1302 1357 1658 1446 adoptatus
1679 1404 1700 1435 ,
1746 1359 2143 1450 &indignus
2177 1360 2333 1430 licet
2349 1412 2364 1436 ,
2412 1381 2568 1429 cum

509 1458 941 1526 admiratione
975 1454 1275 1519 omnium
1310 1450 1390 1515 ab
1426 1451 1662 1516 eodem
1682 1451 2052 1519 Cardinalis
2086 1454 2354 1522 Patroni
2372 1454 2573 1525 titulo

518 1561 583 1621 ὃς
619 1552 951 1642 praecipua
969 1547 1292 1636 dignitate
1309 1538 1532 1610 austus
1552 1593 1566 1617 ‚
1602 1541 1886 1611 fortunae
1906 1546 2247 1639 Olympiae
2266 1551 2576 1615 imminu-

518 1649 768 1712 tionem
805 1642 1186 1711 nonnullam
1205 1637 1497 1705 attulerit
1516 1684 1536 1714 ,
1583 1637 1912 1704 Pontifice
1929 1638 2121 1710 altius
2140 1641 2227 1707 ad
2243 1644 2535 1710 animum
2552 1686 2575 1721 ‚

455 1742 460 1747 ’
519 1740 618 1805 uti
653 1735 997 1803 videbatur
1016 1780 1036 1811 ,
1084 1749 1431 1799 revocante
1464 1731 1760 1819 sequiora
1794 1732 1878 1798 de
1912 1732 2023 1799 sua
2058 1756 2211 1800 cum
2245 1734 2576 1827 Olympia

522 1830 961 1896 familiaritate
980 1875 999 1905 ,
1018 1834 1084 1895 &
1104 1825 1392 1915 ejusdem
1425 1824 1775 1914 plusquam
1793 1824 1967 1892 virili
1986 1826 2466 1902 dominatione,
2477 1832 2581 1918 ju·
2642 1838 2647 1845 '

524 1925 696 1991 dicia
731 1942 874 1990 tum
895 1920 1211 1989 Italorum
1231 1967 1253 1998 ,
1299 1937 1444 1985 tum
1463 1936 1836 1984 exterorum
1857 1965 1877 1996 ,
1923 1920 1960 1986 ἐι
1995 1920 2234 2009 quibus
2270 1936 2579 1989 nummus

524 2040 752 2084 aureus
772 2038 987 2083 recens
1010 2014 1195 2080 cusus
1221 2059 1241 2091 ,
1287 2035 1414 2079 una
1449 2030 1634 2101 parte
1654 2012 2050 2105 Olympiam
2080 2037 2320 2083 corona
2356 2015 2587 2107 Papali

526 2106 938 2187 redimitam,
986 2116 1051 2176 &
1087 2107 1298 2173 claves
1320 2106 1499 2172 Petri
1533 2129 1730 2171 manu
1769 2106 2177 2196 prensantem
2194 2110 2460 2188 3-altera
2476 2132 2585 2176 ve-

529 2205 604 2271 ro
640 2201 1034 2270 Pontificem
1055 2223 1207 2267 cum
1226 2198 1516 2289 implexa
1533 2248 1548 2272 ‚
1596 2198 1855 2266 mulieri
1873 2224 2055 2267 more
2089 2225 2277 2270 coma
2296 2249 2318 2282 ,
2365 2211 2430 2272 &
2449 2226 2585 2275 ma2-

532 2321 623 2362 nu
658 2288 1295 2364 colum'tra&antem
1332 2291 1823 2382 repraesentabat
1841 2330 1860 2373 3
1911 2293 2139 2386 (taceo
2173 2315 2319 2364 tum
2353 2295 2590 2365 ludum

536 2385 881 2455 Scenicum
901 2437 922 2468 ‚
969 2411 1169 2477 quem
1188 2390 1256 2453 in
1291 2386 1759 2453 contumeliam
1778 2390 1831 2476 ej
1841 2411 1914 2454 us
1934 2391 2024 2456 rei
2042 2392 2106 2458 in
2130 2390 2500 2459 Innocentii
2518 2399 2586 2459 ὃς

539 2481 878 2572 Olympiae
923 2483 1190 2571 ’nuptias
1225 2529 1246 2559 ,
1319 2480 1611 2547 Londini
1665 2481 2075 2550 Cromwello
2126 2507 2344 2551 coram
2378 2482 2592 2551 lusum

539 2573 796 2662 ipsimet
831 2574 981 2641 Itali
1000 2575 1319 2641 finxerant
1341 2598 1354 2639 :
1405 2591 1552 2639 tum
1586 2574 2009 2665 Imperatoris
2029 2576 2086 2644 F
2090 2576 2431 2644 erdinandi
2447 2600 2594 2644 acre

537 2666 881 2733 disterium
899 2716 913 2740 ‚
934 2691 1071 2758 quo
1106 2667 1473 2733 Innocentii
1495 2667 1838 2735 Nuntium
1869 2667 2089 2736 Melzi
2107 2688 2333 2738 contra
2353 2671 2592 2739 Pacem

539 2780 691 2825 cum
727 2759 936 2826 Sueco
971 2762 1200 2827 initam
1219 2778 1736 2827 murmurantem
1757 2758 1800 2840 ,’
1827 2765 2092 2854 excepit
2112 2811 2133 2843 ,
2180 2764 2279 2832 his
2299 2762 2436 2831 fere
2453 2788 2597 2832 ver-

540 2848 669 2913 bis:
700 2852 863 2940 JPapae
881 2851 1018 2918 verb
1051 2879 1161 2919 non
1193 2855 1379 2940 defient
1394 2859 1568 2919 otium
1585 2855 1659 2932 ό·
1674 2856 1868 2922 deliciae
1885 2906 1902 2930 ‚
1948 2863 2035 2923 cui
2052 2861 2295 2951 Olympia
2332 2877 2491 2951 caput
2504 2859 2598 2925 de-

541 2942 741 3005 mulcet
759 2985 779 3017 ,
823 2962 884 3005 ut
897 2946 1160 3031 fitaviter
1177 2944 1418 3013 dormire
1436 2947 1638 3039 pqffit)
1660 2967 1735 3015 ut
1754 2949 2103 3018 delinificis
2121 2951 2332 3018 verbis
2353 2952 2597 3045 Olym-

541 3032 677 3134 piae·
703 3030 1235 3134 suaepersuaserit
1254 3086 1275 3118 ‚
1320 3063 1460 3129 quo
1478 3043 1768 3108 interdiu
1785 3042 2008 3113 saltem
2034 3090 2056 3123 ,
2098 3044 2187 3114 ob
2221 3044 2491 3113 sinistras
2525 3070 2599 3114 o-

544 3146 799 3191 mnium
832 3132 1392 3227 interpretationes
1411 3179 1433 3212 ,
1480 3134 1667 3201 domi
1698 3135 1761 3201 se
1781 3139 2146 3206 contineret
2164 3185 2185 3217 ,
2231 3147 2296 3209 &
2315 3140 2396 3207 ab
2412 3139 2600 3213 aditu

544 3215 856 3318 Vaticani
873 3215 988 3283 fibi
1006 3230 1392 3308 temperaret
1411 3275 1427 3301 ,
1446 3304 1448 3306 ,
1476 3227 1767 3299 conceffa
1799 3231 2063 3307 interim
2080 3232 2343 3304 licentia
2361 3230 2558 3301 nofitu
2577 3275 2598 3307 2

1274 3358 1278 3361 -
2428 3345 2596 3418 quoL
