2678 3646
538 122 1171 224 «P’ERIODUS
1220 143 1777 224 SEPTIMA..
2045 177 2177 248 329

108 290 186 340 ac
218 268 642 362 probationes
679 269 748 336 in
775 269 1334 341 Decemvirorum
1354 266 1644 338 consessu
1673 291 1895 338 cora-m
1913 271 2183 340 Ducen—

110 366 196 433 tis
216 367 488 458 triginta
506 366 901 445 recitentur,
945 364 1218 434 exclufis
1255 364 1334 436 iis
1357 410 1376 443 ‚
1422 365 1542 454 qui
1577 363 1949 433 Pontificiis
1984 368 2188 458 parti·-

111 459 232 527 bus
253 457 474 528 favere
491 463 560 527 in
579 458 849 528 occulto
862 459 1649 551 putantur.1nterdi&u1n
1668 458 1860 526 fimul
1879 459 1969 527 est
1986 484 2190 529 omni:

113 577 270 622 cum
304 557 383 641 iis
418 556 895 623 commercium
925 603 946 636 ‚
987 564 1053 626 ὃ(
1090 578 1309 647 poenae
1346 576 1573 645 graves
1608 554 1862 623 statutae
1895 556 1963 623 in
1995 556 2190 646 quos-

54 726 64 736 ·
110 672 408 741 cunque,
457 651 576 742 qui
612 651 649 718 a
682 672 1028 741 quoquam
1048 674 1129 717 ex
1149 649 1268 717 illo
1301 649 1610 716 sodalitio
1641 649 1856 718 literas
1872 646 2191 743 accepiffe

112 747 442 836 comperti
461 745 723 813 fuerint.
766 744 1064 813 Tametsi
1101 745 1260 813 vero
1280 763 1427 812 tum
1445 747 1626 835 pacis
1646 764 2007 836 proxeneta
2029 748 2191 815 Car-

108 839 345 907 dinalis
372 840 578 933 Jousa
613 842 921 908 extremis
959 840 1205 908 viribus
1240 840 1519 905 annixus
1559 837 1759 908 fuerit
1793 886 1815 919 ,
1863 857 1936 907 ut
1971 839 2189 932 legem

110 933 279 1001 hanc
318 934 623 1027 refigeret
658 933 964 1003 Senatus:
997 943 1059 1004 &
1082 930 1399 1015 Pontifex
1418 932 1556 1024 ipse
1575 957 1709 1002 non
1739 934 1944 1001 refixa
1962 933 2083 1001 hac
2102 935 2190 1002 le-

30 1077 43 1089 .
108 1051 193 1121 ge
228 1031 264 1097 a
280 1029 573 1097 consiliis
593 1030 774 1120 pacis
793 1028 855 1096 se
873 1029 1326 1096 alieniffimum
1349 1028 1742 1108 ostenderit3
1791 1028 2073 1120 perstitit
2094 1048 2188 1096 ta-

102 1147 265 1203 ,men
303 1124 577 1194 Venetis
613 1123 960 1190 adamante
1013 1123 1145 1190 fixa
1179 1121 1378 1189 semel
1411 1121 1539 1188 lata
1575 1124 1879 1192 adversus
1908 1123 2187 1215 Jesuitas

3 1294 7 1297 Α
110 1217 460 1285 sententia:
510 1226 575 1287 &
612 1217 930 1285 Pontifici
965 1217 1234 1284 tandem
1271 1215 1647 1283 Cardinalis
1684 1217 2008 1283 Perronus
2045 1215 2186 1283 effi-

107 1313 440 1379 caciffimis
478 1313 835 1379 rationibus
872 1309 1224 1402 persuasit,
1270 1329 1346 1378 ut
1384 1308 1784 1402 Jesuitarum
1817 1310 2190 1403 posthabita

112 1407 522 1474 restitutione
556 1406 805 1476 oblatas
845 1426 1106 1474 caeteras
1158 1406 1339 1496 pacis
1374 1403 1794 1472 conditiones
1842 1405 2195 1496 simplest&-

110 1522 304 1568 retur.
355 1503 458 1569 Ita
483 1500 753 1593 Jesuitis
789 1500 1138 1587 exulare&
1175 1499 1434 1591 plorare
1458 1499 1669 1587 justis,
1717 1523 1850 1590 pax
1886 1501 2187 1570 Venetos

112 1603 179 1663 δε
201 1594 600 1666 Pontificem
620 1596 823 1672 inter,
842 1596 1100 1686 paratio
1122 1594 1332 1685 Regis
1352 1591 1719 1660 Galliarum
1739 1592 2007 1664 nomine
2029 1597 2192 1663 Car-

108 1688 328 1769 dinale
354 1689 598 1781 Jousa‚⁸
645 1688 895 1757 coaluit
914 1689 1013 1757 his
1050 1687 1188 1756 fere
1208 1687 1744 1766 conditionibuS;
1791 1709 1856 1754 ut
1888 1696 2099 1756 Venetis
2116 1692 2186 1755 li-

107 1781 287 1850 bertas
318 1790 537 1876 integra
569 1784 830 1871 constaret
847 1790 989 1850 circa
1024 1809 1087 1849 ea
1106 1830 1127 1862 ‚
1172 1807 1285 1875 quae
1319 1789 1382 1848 in
1416 1781 1839 1869 controvetfiam
1858 1797 2002 1876 Papa
2018 1809 2186 1850 voca-

115 1884 210 1944 vit
227 1904 248 1941 .·
289 1880 648 1966 traderentur
658 1879 786 1965 stne
806 1878 1189 1969 protestatione
1221 1882 1430 1968 captivi
1451 1900 1462 1940 :
1483 1898 1528 1941 x
1541 1899 1595 1942 1.
1631 1878 1749 1942 Kal.
1782 1884 1941 1944 Maii
1958 1885 2192 1944 Venetiia

117 1997 301 2038 coram
335 1977 578 2063 Principe
613 1972 686 2048 ῤ’
720 1992 874 2038 xxv.
894 1975 1184 2063 primariis
1220 1968 1565 2036 Senatoribus
1598 1969 1775 2061 Joustz
1793 2021 1807 2044 ,
1853 1972 2085 2038 adducito
2097 1973 2194 2064 fi-

113 2093 237 2134 cum
272 2073 544 2134 fraxineo
561 2113 583 2145 ,
628 2064 810 2154 clausts
845 2067 1046 2131 valvis
1072 2112 1093 2145 ,
1133 2089 1267 2130 voce
1286 2074 1546 2157 praeconis
1571 2066 1929 2132 interdistum
1945 2080 2093 2159 Papae
2109 2073 2195 2134 re-

13 2196 16 2198 ·
110 2182 337 2229 vocaret
354 2208 375 2240 ‚
422 2161 496 2239 &⁴
513 2173 775 2227 Senatum
792 2157 1172 2252 universosque
1184 2158 1435 2251 subditos
1452 2159 1526 2237 ὠ
1542 2161 1755 2228 ordines
1769 2201 1797 2234 -,
1845 2165 1940 2253 qui
1972 2167 2036 2229 in
2069 2186 2193 2227 cen-

89 2257 293 2346 suram
329 2264 680 2323 incurrerant
695 2304 709 2327 ‚
727 2253 1045 2346 absslveret.
1071 2256 1170 2322 Ita
1191 2252 1506 2322 Pontifex
1525 2252 1711 2321 litem
1732 2277 2000 2346 gravem
2017 2255 2189 2323 ade&
2206 2300 2221 2313 2

115 2351 511 2418 contestatus
532 2350 808 2419 Venetis
837 2395 859 2427 ‚
903 2372 1057 2415 cum
1078 2347 1352 2439 pupillae
1371 2347 1722 2432 oculorum
1741 2349 2005 2416 suorum
2028 2397 2049 2428 ‚
2076 2349 2191 2441 Je-
2211 2394 2227 2411 2

111 2445 426 2513 suitarum
461 2444 829 2535 ignominia
848 2450 913 2512 ὃς
934 2443 1182 2509 damno
1217 2441 1703 2534 praesentiffimo
1725 2493 1739 2518 ‚
1788 2441 1940 2514 foro
1972 2442 2151 2512 ceflit
2169 2462 2225 2524 ,ξ

114 2540 439 2632 causaque
457 2540 702 2606 cecidit
720 2586 741 2617 ,
787 2545 853 2607 ὃς
875 2537 1356 2607 documentum
1374 2536 1636 2627 insuper
1654 2537 1926 2629 posteris
1944 2538 2071 2606 suis
2091 2562 2186 2605 re·-
2203 2577 2223 2592 2

112 2634 312 2727 liquit
331 2687 346 2710 ,
395 2635 586 2702 bruta
612 2636 753 2723 jam
772 2630 993 2698 haberi
1010 2631 1091 2698 ab
1108 2629 1261 2724 ipsis
1282 2631 1874 2723 etiam3Rontificiis
1895 2633 2184 2701 Potesta—
2204 2672 2224 2688 ι

113 2730 287 2796 tibus
323 2730 639 2819 supremis
678 2724 1086 2794 Pontificum
1120 2727 1398 2794 fulmina
1421 2774 1442 2805 ,
1489 2750 1705 2817 neque
1736 2729 1944 2819 magis
1977 2729 2185 2820 quarm
2207 2768 2226 2786 ι

112 2824 320 2903 inanis
357 2820 583 2889 fundae
634 2820 868 2888 son-um
904 2844 1013 2888 eos
1033 2868 1054 2899 ,
1115 2823 1185 2895 in
1231 2843 1401 2911 quos
1436 2820 1776 2890 vibrantur
1809 2868 1829 2899 ‚
1877 2826 2186 2894 territare.
2212 2869 2233 2882 2

112 2915 396 2986 Diffid-io
420 2920 560 3006 jam
595 2913 969 3007 composito
1004 2917 1040 2986 ὲ
1076 2917 1430 3005 conjuratis
1449 2962 1470 2995 ‚
1518 2915 1898 3007 Rodolpho
1936 2922 2179 2992 Pomo,
2200 2934 2355 2979 sicam
2377 2931 2422 2977 in
2443 2948 2512 3008 eq-

112 3010 453 3092 Mich'aele
484 3012 655 3080 Vito
673 3008 1065 3089 Sacerdote,
1110 3018 1176 3081 ὃς
1195 3010 1578 3079 Alexandro
1611 3009 1891 3083 Parrafio
1908 3059 1930 3090 ,
1969 3013 2179 3105 Jesui-
2194 3012 2273 3061 ΡΜ
2287 3005 2337 3043 F·
2359 2998 2482 3043 ΡΜ*

2197 3063 2370 3109 Servita
2386 3095 2399 3115 ,
2429 3061 2478 3109 ob

108 3110 190 3176 tis
212 3155 232 3186 ,
282 3104 622 3174 l’offevino
639 3106 940 3196 inprimis
960 3151 981 3183 ,
1028 3105 1557 3187 colludentibus;
1603 3108 1671 3174 in
1691 3125 1896 3198 capu-t
1918 3106 1991 3173 F.
2013 3114 2173 3176 Pau·
2197 3132 2447 3174 renatorum

104 3202 156 3272 li
191 3202 499 3283 Servitae,
545 3202 646 3290 cuj
656 3207 731 3267 u's
750 3197 1161 3290 potissimum
1196 3199 1481 3268 consiliis
1501 3202 1866 3273 cordatis&
1891 3203 2175 3293 pruden-
2193 3195 2359 3242 “msam
2376 3193 2479 3253 lm

2201 3256 2280 3302 nue*
2297 3256 2513 3322 :affl-nam,

102 3295 362 3367 tissimis
382 3344 403 3378 ,
466 3295 882 3367 Venetorum
918 3317 1014 3363 res
1050 3341 1065 3369 ,
1130 3293 1521 3458 dssrfficffimss
1556 3296 1732 3365 hisce
1766 3296 2427 3455 temporipaeusffiboman,

1264 3409 1293 3458 t
1371 3448 1377 3454 .
2113 3413 2174 3454 e-
