2678 3646
565 132 1184 204 PERIo-Dus
1238 135 1739 224 QUINtTA.
2070 148 2196 236 189

88 257 323 341 „ferrea
357 272 633 324 terream
668 252 908 335 factam
942 250 1068 319 effe
1087 299 1108 331 ‚
1156 275 1373 344 neque
1390 250 1574 319 aliud
1592 249 1910 345 superess'e
1929 297 1950 330 ,
1986 256 2193 343 quam

115 370 191 420 ut
210 355 279 420 in
298 351 536 419 stercus
555 349 796 417 abiret:
848 345 1249 427 Theudoricus,
1296 346 1675 440 Episcopus:
1698 346 1986 415 Croatiae
2005 392 2028 427 ,
2065 348 2194 415 Ec·-

112 445 370 514 clefiam
393 445 770 513 Romanam
799 444 1143 521 ruituram,
1160 466 1235 509 ac
1257 460 1404 509 tum
1426 441 1788 510 Ecclesiam
1808 440 2041 510 florem
2064 443 2193 533 pri-

111 542 353 609 stinum
372 555 932 631 temperaturam:
982 536 1280 628 Johauues
1299 531 1535 629 Hufflis*³
1584 545 1647 606 ὅτ
1669 533 2033 625 Hieronymus
2049 550 2185 603 Pra-

100 637 281 729 geusts
297 683 318 715 ,
367 643 432 704 &
451 635 605 701 cum
626 635 703 699 iis
721 630 949 699 Bohemi
967 654 1041 697 ac
1062 633 1345 721 Wiclefista
1365 633 1695 699 innumeri
1715 631 1993 723 ipsaque
2013 632 2192 699 Hus-

106 732 241 799 srtis
277 727 682 796 consentiens
705 728 968 818 Regina
985 726 1327 794 Bohemiae
1362 725 1562 818 Sophia
1582 775 1602 805 ‚
1639 750 1759 793 nec
1782 750 1915 793 non
1937 726 2191 812 militiae

109 822 459 893 Hussiticae
511 822 655 912 dux
689 819 1075 891 fortissimus
1127 824 1285 915 Zista
1320 869 1341 902 ,
1388 820 1749 891 Ecclesiam
1807 822 2190 892 Romanam

106 917 684 1001 Antichristianam
720 964 741 996 ,
788 915 1267 1010 Babylonicam
1303 918 1714 984 meretricem
1751 914 1877 982 esse
1902 963 1922 995 ,
1969 934 2188 1009 tyran.-

101 1015 296 1095 nide,
346 1011 732 1080 Idololatria
770 1061 785 1086 ,
829 1010 1044 1103 magia
1079 1011 1349 1086 scatere,
1386 1019 1510 1081 &o
1575 1010 1904 1081 affa‘voce
1941 1010 2181 1077 clama-

98 1129 268 1177 runt.
314 1106 782 1200 EugenioIV.
830 1104 1159 1173 Pontisfice
1177 1106 1246 1172 in
1285 1103 1605 1173 Concilio
1643 1104 1987 1171 Basileensi
2007 1153 2027 1184 ,
2065 1120 2177 1172 Pet.

95 1207 164 1273 de
196 1205 387 1271 Aliaco
420 1198 796 1269 Cardinalis
834 1198 1356 1277 Cameracensis,
1404 1198 1552 1289 Joh.
1582 1199 1916 1291 Segovieusts
1952 1200 2184 1268 Theo-

92 1299 294 1392 logus
325 1297 682 1388 Hispanus.
742 1295 1064 1362 Ludovicus
1100 1293 1475 1367 Cardinalis
1512 1292 1904 1362 Arelatensis
1941 1341 1962 1372 ,
2012 1296 2176 1363 Car-

98 1393 333 1461 dinalis
384 1391 660 1483 Julianus
709 1407 902 1470 AEueas
952 1392 1173 1474 Sylvius
1208 1437 1230 1469 ,
1299 1385 1550 1480 aliique
1602 1389 1932 1455 innumeri
1966 1438 1982 1463 ,
2054 1391 2183 1459 Pa-

92 1513 197 1580 pae
250 1485 648 1575 Potestatem
699 1493 766 1556 δε
818 1475 1151 1573 ὺῦῗοχῑα)
1195 1483 1451 1554 strenue
1503 1483 1986 1575 oppugnarunt
2020 1531 2042 1563 ,
2107 1492 2174 1553 &

92 1583 398 1651 Ecclesiae
453 1581 778 1648 Romanae
833 1579 1376 1648 reformationem
1413 1574 1785 1670 gravissime
1839 1577 2135 1647 urserunt
2153 1616 2175 1660 3

94 1701 299 1769 quam
333 1678 402 1744 in
437 1698 577 1742 rem
612 1675 813 1741 etiam
852 1681 985 1742 Pet.
1007 1675 1093 1742 de
1109 1674 1346 1749 Aliaco
1367 1670 1626 1756 libellus
1649 1671 1951 1740 aureolus
1972 1691 2171 1741 extat.

90 1774 298 1856 Extra
353 1768 743 1839 Concilium
797 1772 1010 1836 Alanus
1065 1775 1346 1837 carterius
1381 1814 1405 1847 ,
1481 1765 1733 1834 Carolo
1770 1766 1839 1837 V
1860 1767 1892 1833 I
1914 1767 1963 1833 I.
2031 1768 2170 1836 Re-

90 1870 161 1961 gi
197 1863 433 1933 Galliae
486 1865 524 1930 a
577 1862 855 1929 Secretis
906 1861 1210 1930 adversus
1263 1862 1643 1930 Romanam
1681 1859 2040 1927 Ecclesiam
2092 1860 2170 1927 li-

91 1963 284 2029 brum
337 1954 765 2048 composuit:
832 1954 972 2045 ipse
1027 1959 1251 2023 Carolus
1285 1965 1340 2023 V
1346 1967 1381 2018 Ι
1398 1966 1450 2020 Ι.
1517 1953 1821 2021 Ecclesiae
1885 1953 2172 2022 Gallica-

91 2081 189 2124 nae
211 2051 602 2123 Concilium
623 2047 981 2116 celebravit
1017 2048 1429 2140 Biturigibus
1450 2096 1469 2127 ‚
1515 2049 1630 2115 ubi
1646 2048 1763 2116 sub
1781 2047 1982 2116 titulo
2017 2049 2170 2118 Pra-

88 2152 392 2245 gmaticae
430 2144 795 2212 Sanstionis
852 2141 1149 2209 Concilii
1198 2140 1570 2210 Basdeenfis
1622 2143 1761 2210 a6l:a
1813 2141 2164 2210 confirma-

84 2248 182 2314 vit
220 2292 240 2324 ,
303 2242 611 2329 adeoque
661 2236 1136 2305 beneficiorum
1190 2237 1418 2330 Regni
1448 2235 1853 2305 «collationes
1889 2285 1911 2317 ,
1957 2239 2159 2308 &ad

86 2341 466 2425 Romanam
490 2334 770 2401 Curiam
805 2331 1282 2422 appellationes
1318 2331 1533 2398 severe
1572 2331 1916 2422 prohibuit
1953 2358 1966 2399 :
2017 2331 2163 2399 alii-

84 2458 217 2526 que
236 2433 435 2500 etiam
456 2476 476 2507 ‚
529 2427 843 2518 inprimis
866 2421 1105 2492 Thomas
1144 2423 1499 2514 Rhedonensts
1539 2425 1900 2493 Carmelita
1922 2474 1943 2505 ,
1978 2441 2161 2493 Man-

59 2530 261 2622 fredus
298 2521 630 2609 Vercellensts
648 2572 669 2599 ,
723 2517 1064 2587 Guilhelmus
1099 2528 1155 2586 T
1146 2523 1330 2610 aylour
1364 2571 1378 2593 ,
1427 2517 1750 2587 Wlhelmas
1785 2519 1972 2587 Wthe
2023 2522 2157 2592 Ve-

82 2624 260 2691 ritati
294 2616 599 2687 adversus
637 2616 1016 2694 Romanam
1052 2613 1412 2682 Ecclefiam
1432 2614 1849 2685 luculentum
1867 2615 2158 2685 testimo-

77 2718 269 2785 nium.
314 2710 788 2805 perhibuerunt
823 2756 843 2788 ‚
892 2709 1016 2778 Pio
1053 2709 1155 2776 ΙΙ.
1222 2708 1552 2779 Pontifice
1585 2708 1955 2801 sigismundus
1990 2712 2153 2780 Dux

82 2808 356 2881 Austriae
394 2853 414 2885 ,
459 2806 722 2873 auctore
757 2803 1088 2895 Gregorio
1108 2802 1637 2893 Heimburgense
1654 2804 1727 2896 J
1750 2805 1836 2870 V.
1861 2807 1944 2873 D.
1983 2806 2019 2871 a
2041 2807 2163 2872 Pa-

76 2930 164 2999 pa
196 2901 284 2970 ad.
319 2897 709 2968 Concilium
746 2946 766 2976 ‚
814 2906 878 2968 &
900 2900 937 2965 a
958 2898 1273 2966 Concilio
1291 2899 1378 2964 acl
1399 2892 1740 2965 Christum
1759 2897 1975 2989 ipsum
1998 2924 2152 2989 pro-

75 3018 318 3069 vocans
337 3043 359 3074 ,
405 2993 627 3083 impiis
666 2992 769 3059 Pii
804 3040 847 3071 ,ς
871 2993 1149 3060 dicentis
1188 3030 1205 3072 3
1240 2999 1695 3084 provocationem
1730 2995 1808 3059 ad
1844 2997 2146 3060 Concilium

74 3118 287 3180 novam
321 3087 538 3165 harelin
559 3134 579 3165 ,
631 3087 704 3167 ά*
737 3087 1142 3178 inspirationem
1177 3087 1521 3153 Diabolicam
1555 3083 1651 3178 effi
1687 3136 1707 3166 ,
1752 3090 1912 3155 diris
1949 3089 2153 3155 devo-

71 3210 177 3258 tus
213 3185 336 3253 est:
388 3179 826 3271 Heimburgeusis
858 3181 1035 3272 ipse,
1085 3181 1159 3249 N
1166 3173 1587 3272 wibergensis
1627 3183 1952 3275 Syndicus
1983 3181 2148 3247 cele-

75 3284 205 3351 bris
242 3329 261 3360 ,
308 3276 554 3369 scripto
587 3275 891 3344 adversus
927 3277 1295 3345 Primatum
1331 3277 1529 3369 Papae
1584 3276 1752 3351 libro
1789 3326 1807 3356 ,
1858 3277 2152 3368 Synago-

1148 3372 1263 3439 Aa
1316 3391 1347 3460 3
2002 3391 2153 3458 gam
