2678 3646
484 106 1104 183 PERIODUS
1156 91 1757 181 SECUNDA.
2083 117 2165 209 ες

97 235 373 305 demum
391 220 557 301 ML.
575 222 642 299 in
663 231 937 326 Synodo
959 227 1379 309 Vercellenfi,
1397 228 1514 297 sub
1536 231 1761 298 Leone
1780 226 2178 299 IX.damna—

97 345 188 400 to.
238 331 470 398 Taceo
492 327 857 419 Scriptores
894 326 1085 417 hujus
1129 324 1347 392 Seculi
1382 325 1563 392 haud
1597 326 1812 393 minus
1850 323 2130 394 celebres
2154 376 2174 406 ,

96 421 553 492 Walafridum
574 422 963 491 Strabonem
983 469 1004 500 ,
1026 420 1477 489 Christianum
1498 420 2004 500 Druthmarum,
2026 423 2167 488 He-

89 520 418 587 ribaldum
455 516 1062 587 Altiffiodorensem
1081 564 1102 595 ,
1164 514 1324 582 alios
1366 564 1387 595 ,
1434 516 1672 605 quibus
1695 515 1781 582 ob
1815 518 2165 608 impugna-

89 634 235 682 tum
256 613 613 706 corporalis
634 612 991 704 praesentiae
1012 635 1296 689 errorem
1334 613 1371 678 a
1412 609 1728 678 Paschasii
1762 610 2006 678 asseclis
2046 637 2164 703 per
2244 618 2246 621 ’

90 709 405 803 insignem
462 708 964 776 Contumeliam
1019 707 1537 797 Stercoranistarum
1590 729 1835 775 nomen
1895 704 2164 773 fcedum

88 804 474 896 impofitum
511 803 639 880 est,
686 803 767 868 eo
793 802 1039 869 scilicet
1058 848 1078 880 ,
1125 801 1317 890 quod
1335 800 1714 878 assererent,
1763 824 1836 865 ea
1874 823 2023 890 quae
2047 824 2162 871 ore

89 901 384 990 corporis
403 898 812 965 assumuntur
829 944 851 974 ,
898 896 1210 988 Symbola
1230 894 1490 962 secessui
1508 894 1797 962 obnoxia
1814 895 1955 960 effe.

178 994 440 1064 LXIV.
491 991 887 1060 Potestatem
924 989 1082 1054 vero
1119 988 1465 1055 Pontificis
1502 1007 1649 1056 tum
1684 987 2161 1079 temporalem,
2193 1015 2441 1066 potestatem

82 1100 229 1154 tum
265 1086 689 1178 Spiritualem
725 1084 861 1150 dici
894 1083 1166 1172 nequit,
1212 1101 1538 1172 quantum
1561 1102 1940 1149 commenta
1979 1082 2155 1149 calli-
2188 1082 2405 1192 PM‘fflJ

84 1179 341 1248 diflima
376 1183 548 1251 circa
583 1179 722 1244 haec
743 1176 1154 1269 potissimum
1194 1195 1497 1268 tempora
1530 1176 1774 1244 miserae
1812 1177 2161 1267 hominum
2187 1162 2371 1262 ZZZ
2393 1164 2507 1259 ἵζη-

82 1273 459 1352 credulitati
479 1274 831 1365 propinata
850 1273 1308 1364 promoverint
1328 1270 1885 1361 firmaverintque.
1951 1272 2040 1339 Et
2075 1274 2162 1343 ad
2187 1294 2289 1353 pm
2318 1283 2506 1354 ”mlum

81 1372 377 1463 temporale
393 1368 667 1460 quidem
689 1369 1046 1458 imperium
1067 1366 1486 1434 statuendum
1522 1366 1890 1458 plurimum
1926 1386 2161 1435 contu-
2179 1345 2508 1472 ξζῖᾈιζῇζζᾌζ

81 1464 298 1533 lerunt
317 1512 338 1543 ,
387 1487 468 1531 ex
488 1460 1020 1554 quaestuofissima
1043 1460 1356 1529 falsorum
1375 1462 1973 1555 chirographorum
2013 1461 2160 1529 offi-
2188 1483 2232 1553 usj
2250 1485 2314 1548 Μ.
2329 1477 2472 1553 {udo-

79 1562 227 1626 cina
247 1562 470 1651 petitae
492 1559 900 1626 Donationes
919 1604 940 1636 ,
990 1556 1412 1624 Constantini
1429 1575 1595 1649 puta
1615 1559 1855 1651 Magni
1873 1606 1894 1637 ‚
1935 1558 2160 1625 Ludo·
2189 1543 2470 1654 achziba&

84 1656 216 1721 vici
238 1656 379 1733 Pii,
427 1654 794 1724 &Ottonis
832 1653 935 1720 M.
986 1653 1382 1720 Donationis
1424 1652 1871 1743 constantinianae
1892 1701 1912 1732 ‚
1959 1677 2161 1744 quam
2185 1644 2499 1737 promovem'us.

83 1773 208 1841 pro
227 1750 472 1816 idoneo
493 1744 901 1815 documento
919 1745 1287 1839 allegarunt
1307 1746 1664 1832 Pontifices
1689 1748 1830 1814 Leo
1851 1747 1980 1815 IX.
2029 1750 2104 1817 N
2112 1752 2161 1816 i-

86 1843 308 1909 colaus
350 1836 460 1907 111.
481 1841 726 1929 aliique
746 1850 810 1908 &
832 1843 900 1905 in
927 1841 1050 1930 Jus
1090 1843 1514 1908 Canonicum
1533 1842 1886 1908 Gratianus
1909 1890 1930 1922 ,
1969 1843 2151 1922 Yvo‚

87 1934 487 2004 Anshelmus
511 1981 530 2012 ,
577 1932 956 2000 Deusdedit
976 1979 997 2011 ‚
1045 1935 1322 2023 ipseque
1359 1938 1558 2002 etiam
1577 1936 1941 2027 Gregorius
1979 1938 2160 2004 XIII.

86 2028 450 2097 retulerunt
486 2064 504 2107 3
568 2023 1059 2117 putidissimum
1112 2047 1567 2096 commentum
1620 2052 1738 2119 per
1779 2029 2158 2121 Johannem

87 2124 451 2214 quemdam
485 2122 864 2189 Diaconum
901 2167 923 2198 ,
987 2140 1437 2212 cognomento
1471 2128 1793 2214 ngitorum
1813 2171 1835 2203 ,
1881 2127 1983 2191 uti
2004 2128 2154 2215 qui-

90 2220 247 2285 dem
266 2217 483 2309 ipsum
502 2215 825 2306 Diploma
845 2213 1123 2281 Ottonis
1147 2217 1323 2283 tertii
1343 2264 1364 2295 ,
1410 2217 1600 2306 quod
1636 2218 1835 2284 etiam
1856 2243 2017 2286 num
2040 2221 2158 2288 As-

91 2312 216 2378 fifii
251 2314 420 2378 inter
454 2308 717 2377 cimelia
753 2317 819 2379 &
854 2309 1146 2383 Archiva
1184 2309 1513 2402 Paparum
1550 2310 1902 2380 asservatur
1924 2361 1945 2394 ,
2011 2323 2078 2384 &
2114 2318 2152 2384 ἐι

93 2405 509 2496 Marquardo
530 2403 818 2471 Frehero
837 2403 1092 2471 editum
1111 2427 1185 2470 ac
1205 2408 1378 2473 notis
1399 2405 1791 2473 illustratum
1810 2408 1900 2475 est
1918 2457 1939 2488 ,
1977 2410 2161 2477 testa-

91 2519 202 2569 tur
219 2548 240 2580 ,
288 2498 532 2566 nefarie
552 2496 963 2589 suppositum
983 2547 1003 2577 ,
1051 2499 1193 2566 orbi
1212 2499 1597 2591 persuadere
1614 2501 1914 2570 sustinuit
1933 2552 1953 2582 ,
1974 2506 2161 2572 Con-

95 2596 450 2662 stantinum
469 2594 571 2660 M.
612 2594 1086 2684 Imperatorem
1106 2618 1238 2660 non
1272 2593 1484 2662 soliim
1503 2595 1883 2663 Romanam
1903 2599 2156 2678 urbem,

94 2688 210 2754 sed
243 2691 442 2755 etiam
477 2710 703 2755 omnes
740 2685 941 2754 Italiae
970 2735 990 2766 ‚
1036 2687 1145 2754 seu
1185 2688 1728 2758 Occidentalium
1768 2693 2158 2784 Regionum

100 2781 476 2848 Provincias
496 2829 517 2861 ,
562 2780 708 2848 loca
725 2788 789 2850 ὅτ
808 2783 1104 2850 civitates
1124 2830 1145 2862 ,
1180 2783 1496 2851 Romano
1518 2785 1830 2853 Pontifici
1852 2787 2160 2857 Silvestro

100 2897 174 2941 ac
194 2878 329 2965 ejus
348 2874 825 2943 Successoribus
845 2895 1170 2968 perpetuo
1206 2879 1389 2946 dono
1425 2880 1773 2947 tradidisse.
1822 2883 2159 2952 Ludovici

103 2986 376 3060 quoque
398 2970 500 3036 Pii
520 2969 898 3063 prodigiosa
917 2969 1190 3042 donatio
1212 2972 1503 3042 Paschali
1522 3022 1542 3052 ,
1563 2984 1627 3044 &
1649 2975 1805 3043 Sedi
1826 2978 2156 3046 Romanae

110 3067 188 3155 A.
210 3088 457 3131 ncccxv
472 3089 496 3130 1
518 3088 571 3131 1.
622 3061 790 3131 faeta
810 3113 829 3144 ,
852 3062 1177 3134 ferebatur
1194 3116 1214 3147 ,
1235 3092 1366 3159 qua
1386 3067 1632 3138 scilicet
1652 3119 1672 3150 ‚
1691 3072 2158 3153 VolaterranO‚

103 3158 381 3252 Sigonio
401 3206 421 3238 ,
470 3159 753 3226 Baronio
770 3158 1040 3251 aliisque
1076 3163 1479 3231 narrantibus
1500 3214 1520 3244 ,
1569 3164 1916 3234 Romanus
1938 3172 2158 3235 Duca-

0 3304 1 3321 ἶ
100 3270 206 3323 tus
228 3301 248 3335 ,
295 3256 630 3327 Ravennae
665 3254 1070 3327 Exarchatus
1098 3304 1127 3339 s,
1172 3265 1239 3328 δε
1276 3258 1589 3353 pleraque
1621 3266 1835 3331 omnis
1872 3263 2061 3331 Italia
2098 3264 2163 3328 in

1200 3352 1238 3423 I
1978 3356 2164 3424 Sedis
