2678 3646
577 145 1192 219 HISTORIA
1237 145 1801 221 PAPATUS.
2074 171 2204 249 593

114 271 194 330 'te
227 279 439 340 unus,
484 256 617 328 five
650 279 726 329 ut
760 260 984 332 colore
1025 261 1190 351 juris
1225 260 1456 352 aliquo
1505 260 1634 330 sese
1684 261 1972 331 muniret
1994 261 2030 343 ‘,
2076 263 2209 334 sive

127 377 270 446 quo
303 354 608 423 adversus
642 378 754 424 eos
790 356 1228 447 Imperatores
1262 358 1564 448 potentia
1615 356 1678 425 se
1710 353 1988 426 armaret
2009 406 2028 443 ‚
2075 357 2209 427 five

113 450 254 516 alia
272 450 358 516 de
374 448 628 529 causta,
676 450 1059 518 Benevento
1080 450 1422 525 Pontifici,
1468 451 1651 542 quasi
1689 452 2206 544 Pontificiijuris

119 542 282 611 effet
300 591 322 622 ‚
357 543 696 623 restituto,
731 545 997 636 Apuliae
1036 544 1494 636 Calabriaeque
1514 547 1970 638 Principatum
1992 593 2011 626 ‚
2046 570 2207 638 qua-

122 640 169 704 si
204 637 510 705 Ecclefiae
565 640 890 709 Romanae
943 636 1223 706 feudum
1258 642 1672 732 recognovit.
1715 641 1950 732 Cujus
1989 665 2207 711 exem-

127 730 322 822 plum
360 733 696 826 Rogerius
730 736 867 824 ejus
905 733 1335 800 luccefforum
1359 758 1526 802 unus
1546 734 1845 818 secutus',
1881 738 2037 804 inde
2054 736 2206 828 pul-

121 825 194 892 so
229 825 575 897 Guilelmo
610 828 840 895 eadem
861 827 1111 894 familia
1131 846 1279 895 orto
1303 876 1317 899 .
1367 830 1515 921 post
1534 831 1732 906 etiam
1769 829 1991 898 Sicilia
2009 854 2207 899 occu-

119 939 319 1011 pata,
365 919 505 989 fere
523 944 696 989 anno
717 922 956 990 Salutis
977 949 1037 988 M.
1059 947 1110 990 c.
1128 944 1285 989 xxx.
1323 923 1554 992 harum
1589 927 2080 1015 provinciarum
2090 928 2202 1015 jus

118 1017 159 1083 a
196 1015 529 1099 Pontifice
546 1017 840 1108 accepit:
891 1016 1116 1108 estque
1153 1016 1309 1084 Rex
1348 1018 1686 1108 utriusque
1722 1018 1998 1093 Siciliae,
2045 1042 2204 1110 qua-

118 1133 269 1178 rum
304 1135 435 1178 una
469 1109 641 1179 ultra
660 1156 681 1190 ,
718 1110 927 1178 altera
958 1113 1057 1177 cis
1078 1108 1322 1179 fretum
1346 1110 1459 1180 fita
1479 1112 1569 1180 est
1588 1114 2018 1205 ‚appellatus
2057 1116 2130 1183 N
2139 1138 2205 1181 e-

115 1227 252 1295 que
286 1207 465 1273 enim
494 1204 859 1273 Pontifices
885 1254 907 1279 .
954 1204 1316 1277 ambitione
1352 1215 1419 1276 &
1455 1211 1727 1299 propria
1764 1208 2052 1276 utilitate
2086 1208 2204 1276 ad-

114 1298 305 1367 duffi
338 1348 360 1379 ,
422 1298 703 1366 alienam
757 1300 1200 1391 cupid-itatem
1237 1294 1316 1368 ³&
1352 1302 1493 1367 vim
1528 1300 1755 1369 fovere
1804 1302 2198 1371 recusarunt.

114 1394 274 1464 Hac
282 1395 448 1484 juris
467 1393 682 1485 specie
701 1391 894 1473 freti,
941 1393 1213 1461 ulterius
1234 1390 1595 1463 Pontifices
1613 1394 1928 1488 progrefli
1952 1396 2198 1489 (ut-cu·
2218 1435 2372 1480 Eorum
2404 1443 2530 1505 Rege,

111 1489 285 1582 pido
319 1490 606 1557 humana
626 1488 908 1581 gradum
933 1487 1153 1576 sistere
1186 1488 1458 1580 nequit)
1479 1491 1802 1581 quosdam
1823 1491 2194 1582 Reges'illis
2207 1510 2280 1556 pm
2306 1498 2451 1574 lubitu

112 1584 376 1676 Regnis
410 1582 593 1674 quasi
625 1601 1050 1652 contumaces
1083 1584 1341 1674 privare
1374 1601 1756 1674 coeperunt,
1800 1586 1872 1651 in
1904 1584 2197 1677 aliosque
2203 1563 2533 1690 ᾗᾜζῗὲξ·

110 1675 477 1748 transferre.
524 1679 687 1769 Quo
706 1701 888 1746 more
901 1677 994 1745 ad
1027 1678 1402 1744 Hen-ricum
1439 1678 1763 1746 Friderici
1797 1672 2189 1765 Barbaroffae
2208 1707 2334 1757 regna
2357 1709 2497 1745 tram:-

111 1771 333 1857 filium
353 1819 377 1852 ‚
423 1770 504 1838 ab
537 1772 669 1840 hoc
683 1773 775 1840 ad
793 1773 850 1841 F
855 1772 1192 1839 edericum
1212 1770 1593 1841 Secundum
1611 1777 1748 1864 ejus
1770 1773 1986 1842 fili-um
2007 1819 2027 1854 -,
2071 1756 2365 1866 quiftm'·

110 1886 241 1936 tres
279 1866 515 1934 ordine
536 1868 835 1936 Romani
855 1868 1295 1957 Imperatores
1333 1864 1645 1947 fuerunt,
1691 1892 1766 1935 ea
1783 1868 2027 1960 Regna
2045 1893 2191 1961 per-

105 1984 370 2041 rvenere.
426 1957 696 2031 ‘Verum
731 1983 897 2036 cum
916 1961 982 2031 -F
986 1959 1283 2028 edericus
1319 1961 1720 2029 Pontificem
1774 1961 1950 2035 bello
1983 1963 2218 2054 perse-³

108 2053 470 2149 queretur„
516 2046 853 2146 e'ss‘entque
885 2054 1005 2124 illo
1039 2073 1342 2147 tempor-e
1372 2053 1783 2125 ¹Guelforurn
1812 2064 1882 2127 ὃ(
1918 2056 2197 2126 Gibelli-

112 2173 357 2221 norum
392 2144 709 2218 factiones
762 2151 1064 2220 excitatae
1100 2197 1122 2229 ,
1185 2173 1468 2241 quarum
1509 2148 1783 2219 alterius
1808 2169 2021 2242 caput
2061 2169 2198 2221 erat

108 2242 435 2319 Pontifex
454 2293 477 2326 2
522 2243 786 2336 alterius
821 2246 1210 2337 Imperator.
1239 2243 1577 2314 «Pontifex
1594 2292 1640 2342 ,ι
1679 2262 1948 2343 mortuo
1983 2245 2197 2315 Fede-

109 2343 255 2411 rico
288 2388 313 2422 ‚
377 2337 703 2409 Carolum
756 2340 1300 2425 Andiovinorum
1351 2348 1417 2410 &
1443 2340 1822 2409 *Provinciae
1873 2340 2195 2409 comitem
2237 2401 2239 2403 ,

112 2434 345 2525 (cujus
380 2451 573 2502 antea
601 2428 782 2523 'facta
817 2427 1070 2503 mentio
1097 2433 1236 2526 est)
1256 2433 1890 2526 -utriusque-Siciliae
1927 2433 2194 2526 Regem

112 2517 524 2615 appellavit,
587 2521 710 2584 hac
745 2525 934 2607 lege,
994 2548 1072 2589 ur
1107 2530 1463 2606 quotannis
1495 2529 1634 2592 auri
1672 2528 2015 2594 unciarum
2046 2527 2197 2595 'sena

110 2616 303 2696 milia
335 2611 570 2682 tributi
602 2611 874 2679 nomine
887 2610 1209 2702 penderet
1225 2648 1247 2691 3
1294 2636 1371 2679 ac
1401 2638 1485 2682 ne
1501 2617 1651 2707 quis
1669 2640 1900 2687 eorum
1918 2620 2193 2714 Regum

111 2712 189 2797 in
223 2708 566 2803 posterum
615 2706 1041 2798 Imperatoris
1088 2706 1387 2775 Romani
1428 2709 1947 2801 appellationem
1981 2716 2195 2806 poss'et

114 2805 490 2885 admittere.
537 2802 703 2892 ‘'quae
738 2802 1051 2892 exceptio
1083 2798 1451 2893 semperab
1499 2821 1918 2898 eotempore
1948 2810 2019 2876 in
2054 2809 2194 2877 Re-

114 2901 239 2992 gni
272 2893 716 2989 Neapolitani
763 2895 1149 2987 diplomate
1186 2897 1490 2988 express‘a‘
1512 2897 1661 2972 fuit.
1727 2902 1915 2970 Nam
1950 2901 2191 2974 Siciliae

112 2993 456 3088 Regnum*
475 2989 625 3082 post
661 2990 697 3057 a
732 2989 1326 3070 Tarraconensibus
1364 2992 1668 3087 Regibus
1685 3011 2091 3087 occupatum
2112 3045 2132 3076 ,
2152 2999 2191 3066 a

113 3086 532 3163 Pontificum
548 3082 927 3172 obedientia
945 3085 1072 3156 sese
1088 3083 1406 3158 subduxit
1426 3135 1449 3171 ,
1464 3107 1666 3183 atque
1702 3091 1739 3159 a
1759 3090 2010 3162 tributo
2024 3115 2187 3185 pen-

112 3181 379 3270 ‚fitando
395 3178 778 3272 vindicavit.

408 3274 411 3278 ‘
453 3277 461 3281 ’
1012 3287 1017 3291 ’
1126 3276 1184 3346 F
1204 3273 1243 3344 f
1253 3276 1341 3345 ff
2081 3278 2191 3348 Ad
