2678 3646
490 129 618 201 2⁸6
884 103 1497 184 ECCLEsrAE
1543 102 2110 173 ROMANAE

159 256 468 317 minium-satia
497 241 765 308 demum
804 233 871 296 in
889 225 1157 315 Belgio,
1204 219 1474 309 aliisque
1493 220 1782 310 Europae
1816 219 2200 289 Provinciis,
2249 222 2339 292 Et
2356 222 2572 318 Jesui-›

166 321 470 394 agitmaebistffi
501 354 583 402 tae
619 327 891 420 quidem
909 323 976 385 in
1012 316 1294 409 publicis
1315 313 1871 405 disputationibus
1893 313 2303 385 Salmantica:
2324 319 2562 385 habitis

163 396 433 443 mmmm.
504 408 724 520 gratia:
765 415 1022 484 Divinae
1043 406 1799 502 praedeterminationem
1818 455 1840 486 ,
1859 431 1981 475 ceu
1999 410 2342 479 inimicam
2379 438 2563 504 pror-

500 521 600 585 sus
635 514 838 579 libero
874 507 1160 576 hominis
1179 503 1447 571 arbitrio
1465 549 1487 582 ,
1533 501 1853 570 hostiliter
1872 506 2379 596 exagitaverant.
2427 509 2567 576 Do-

502 611 719 679 &crinae
739 625 969 670 eorum
1004 623 1125 665 ceu
1159 622 1315 664 ηοω
1350 597 1424 675 &
1442 594 1602 689 priris
1636 598 1892 664 inaudita
1911 645 1932 676 ‚
1981 602 2374 668 Dominicus
2394 600 2565 669 Ban-

505 726 614 771 nes
634 749 655 780 ,
701 697 1046 791 primarius
1067 711 1212 761 tum
1232 691 1642 758 Salmanticae
1661 689 1985 782 professor
2001 744 2015 767 ,
2037 696 2348 785 generose
2367 695 2429 762 se
2449 721 2573 788 op-

506 795 764 889 posuit,
809 793 901 858 ita
934 787 1689 883 praedeterminationem
1726 788 1948 877 gratiae
1968 789 2308 857 vindicans
2327 838 2350 868 ‚
2396 809 2472 858 ut
2490 791 2566 860 fi-

510 887 652 957 mul
684 885 965 953 modum
999 882 1367 951 ostenderet
1386 928 1408 960 ,
1453 903 1592 970 quo
1610 877 1721 946 illa
1740 903 1894 949 cum
1930 882 2215 951 hominis
2249 883 2455 952 libero
2473 908 2571 952 ar-

506 984 703 1051 bitrio
739 982 809 1049 in
846 979 1123 1071 gratiam
1158 977 1385 1046 reduci
1420 973 1649 1041 valeat.
1690 974 1887 1066 Ja&o
1921 977 2044 1043 hac
2078 981 2329 1046 ratione
2346 981 2415 1046 in
2435 1003 2593 1046 me-

505 1078 696 1145 dium
732 1072 1172 1142 contentionis
1192 1094 1401 1163 pomo
1419 1117 1442 1148 ,
1486 1093 1621 1136 non
1639 1069 2045 1159 acquiescere
2063 1073 2283 1140 Patres
2304 1074 2573 1142 societa-

510 1174 594 1240 tis
615 1200 643 1250 ‚⁴
682 1169 794 1236 sed
811 1186 1038 1234 contra
1054 1166 1401 1232 audentius
1421 1165 1530 1230 ire.
1577 1162 1667 1230 Et
1710 1164 2094 1232 Ludovicus
2134 1167 2394 1235 Molina
2425 1170 2573 1258 qui-

509 1266 665 1333 dem
687 1265 806 1352 Loj
816 1261 936 1328 olae
972 1259 1207 1327 sodalis
1226 1258 1394 1325 libro
1413 1258 1598 1324 edito
1615 1258 1872 1325 Bannes
1893 1260 2259 1328 doctrinam
2280 1266 2571 1346 maximo

505 1359 723 1427 studio
743 1356 1181 1449 oppugnavit.
1231 1351 1510 1420 Molinae
1530 1351 1734 1442 paulo
1753 1353 1902 1443 post
1916 1353 2299 1424 succollavit
2318 1358 2578 1425 Antho-

466 1474 482 1482 “
509 1455 654 1520 nius
674 1452 758 1518 de
778 1447 1078 1540 Padiglia
1093 1497 1109 1520 ‚
1159 1445 1530 1517 Vallisoleti
1549 1446 1948 1539 Theologiae
1968 1448 2298 1518 Professor
2316 1500 2336 1530 ,
2357 1452 2576 1543 publi·
2639 1455 2659 1461 “

513 1549 606 1614 cis
644 1541 1167 1612 conclusionibus
1205 1540 1484 1610 Molinae
1537 1541 1903 1607 doctrinam
1939 1589 1961 1621 ,
2007 1566 2130 1609 ceu
2166 1546 2579 1635 probabi-lem

516 1638 894 1710 defendens.
940 1638 1033 1704 At
1067 1636 1320 1705 Bannes
1361 1634 1626 1724 ejusque
1659 1634 1902 1700 affeclae
1938 1659 2074 1702 rem
2109 1639 2331 1727 primo
2351 1639 2437 1705 ad
2471 1639 2581 1706 Se-

518 1754 747 1805 natum
767 1733 1064 1823 Regium
1080 1780 1096 1803 ‚
1145 1752 1305 1796 mox
1322 1748 1602 1797 evocato
1620 1751 1701 1793 ex
1723 1728 2047 1819 Hispania
2068 1730 2362 1804 Romam
2382 1732 2437 1799 F
2442 1757 2583 1801 ran-

520 1828 692 1896 cisco
730 1825 1043 1893 Suarezio
1061 1871 1084 1902 ,
1129 1823 1728 1891 Dominicanorum
1780 1822 2110 1889 sententiae
2147 1824 2419 1892 fibulam
2465 1830 2588 1893 im-

525 1920 822 2014 pofituro
841 1957 861 2000 3
880 1919 967 1986 ad
989 1916 1411 1985 Clementem
1430 1914 1498 1985 V
1519 1915 1553 1981 I
1574 1915 1678 1983 1-1.
1701 1913 2009 1984 deferunt
2023 1964 2044 1996 ,
2065 1921 2166 2008 cuj
2176 1943 2249 1985 us
2260 1920 2437 2009 juffu
2454 1921 2590 2012 pri-

529 2017 643 2083 mo
664 2017 731 2081 in
754 2013 1062 2083 Comitio
1085 2009 1547 2079 Cardinalium
1566 2056 1592 2088 ,
1634 2009 1877 2078 deinde
1912 2035 2132 2082 coram
2151 2014 2433 2104 ipsomet
2470 2014 2592 2081 hac

531 2111 617 2177 de
634 2132 723 2177 .re
740 2108 820 2174 ab
839 2105 1178 2195 utriusque
1196 2102 1463 2172 familiae
1484 2102 1858 2195 Theologis
1878 2105 2288 2196 disputatum
2306 2108 2413 2175 est.
2452 2110 2596 2179 Vix

534 2203 800 2271 tandem
837 2200 985 2294 post
1003 2198 1193 2292 plura
1213 2197 1541 2265 hincinde
1560 2196 1895 2288 publicata
1912 2199 2152 2291 scripta
2170 2249 2192 2280 ‚
2240 2226 2320 2270 ex
2342 2204 2595 2271 Conci-

534 2296 609 2363 lii
644 2295 1030 2364 Tridentini
1056 2291 1308 2373 verbi83
1356 2293 1425 2358 in
1460 2316 1598 2383 quo
1619 2309 1837 2359 tamen
1873 2295 2146 2383 quaestio
2168 2298 2441 2364 minime
2459 2299 2598 2390 agi-

536 2407 672 2457 tata
708 2387 920 2456 fuerat
939 2436 959 2468 ‚
1004 2387 1544 2478 interpretatione
1561 2386 1810 2475 adjecta
1829 2434 1850 2465 ‚
1899 2389 1934 2455 a
1973 2390 2302 2458 Pontifice
2337 2409 2601 2461 contro·-

539 2481 740 2549 verfia
758 2480 849 2549 ita
867 2480 1230 2573 composita
1248 2480 1338 2547 est
1355 2527 1377 2560 ,
1394 2497 1470 2547 ut
1487 2503 1631 2549 eam
1651 2504 1785 2547 non
1805 2500 2054 2550 motam
2072 2483 2153 2549 ab
2171 2486 2362 2553 initio
2381 2477 2602 2576 optas-

545 2574 608 2641 se
644 2574 1008 2643 ostenderet
1026 2621 1049 2654 ,
1095 2577 1248 2645 &in
1284 2598 1358 2640 ea
1392 2573 1760 2641 decidenda
1795 2575 1960 2642 nihil
1995 2577 2459 2649 existimationi
2492 2602 2604 2646 eo-

551 2692 698 2735 rum
716 2714 737 2747 ,
783 2671 903 2757 qui
937 2692 1079 2735 eam
1098 2686 1478 2746 moverant,
1526 2668 1894 2753 detractum
1929 2669 2146 2739 vellet.
2197 2672 2547 2741 Clemente
2567 2673 2604 2738 ὲ

554 2763 721 2827 vivis
757 2761 1011 2830 sublato
1029 2809 1050 2840 ,
1098 2760 1535 2833 controverfia
1567 2761 1682 2828 sub
1718 2763 1927 2830 Paulo
1963 2765 2049 2833 V.
2069 2766 2445 2846 recruduit,
2489 2767 2609 2857 qui

557 2854 824 2934 tandem
858 2855 1147 2922 decrevit
1177 2905 1192 2928 ,
1241 2874 1317 2922 ut
1351 2855 1691 2945 utriusque
1723 2857 2052 2926 sententiae
2086 2861 2395 2930 authores
2428 2861 2608 2929 suam

556 2944 976 3024 sententiam,
1022 2950 1181 3014 citra
1199 2947 1402 3016 ullam
1437 2967 1657 3016 tamen
1690 2951 1971 3019 adversae
2008 2956 2211 3044 partis
2247 2955 2612 3029 censuram,

556 3036 1024 3116 defenderent,
1069 3041 1281 3107 donec
1315 3041 1576 3130 aliquid
1607 3067 1681 3109 ea
1715 3044 1800 3111 de
1817 3069 1884 3112 re
1919 3045 2001 3111 ab
2018 3047 2162 3138 ipso
2178 3048 2284 3115 vel
2318 3053 2457 3139 ejus
2473 3049 2611 3117 suc-

556 3128 905 3199 cessoribus
939 3130 1335 3201 statueretur.
1388 3137 1726 3203 Caeterum
1761 3163 1880 3205 nec
1917 3140 2093 3230 ipse,
2141 3166 2261 3209 nec
2282 3141 2608 3211 Successo-

557 3248 705 3293 rum
740 3227 876 3315 ejus
911 3223 1259 3315 quisquam
1277 3228 1462 3296 ausus
1482 3229 1572 3296 est
1607 3230 2036 3322 decretoriam
2073 3235 2453 3306 sententiam
2486 3232 2613 3300 fer-

2499 3348 2567 3393 re
2583 3371 2606 3405 2
