2678 3646
615 130 1233 206 PERIODUS
1283 134 1690 209 SEXTA.
2022 167 2151 238 223

87 256 236 349 quod
244 254 436 345 fizcere
472 250 728 320 deberent
746 300 766 331 ,
791 251 902 342 sta!
930 268 995 316 ut
1028 275 1217 317 eorum
1228 252 1418 342 studio
1453 254 1527 330 όν
1561 253 1861 320 calliditate
1874 259 2166 323 invenire-

84 370 182 416 tur
214 357 359 418 ratio
377 398 398 429 ,
444 375 550 442 qua
583 352 765 415 liceret
795 349 862 414 id
890 347 1039 439 quod
1066 346 1295 412 liberet:
1337 350 1469 414 inde
1501 350 1747 442 ffltum
1780 351 1851 440 cst
1881 400 1896 424 ,
1930 373 2160 444 prater-

79 470 249 537 quam
283 443 431 537 quod
464 450 841 537 Principatum
874 467 1092 507 omnem
1103 448 1364 533 sequitur
1395 445 1638 509 adulatio
1653 494 1668 517 ‚
1717 463 1779 510 ut
1811 447 2008 512 umbra
2043 474 2159 514 cor-

60 560 174 631 pus
192 568 210 604 .·
255 540 681 631 diffi'cilimiisque
693 540 915 631 stmper
929 538 1054 627 ficit
1071 539 1254 603 aditus
1272 544 1534 605 veritatis
1550 541 1628 606 ad
1640 565 1798 605 aures
1815 548 2155 635 Principum,

75 634 223 726 quod
252 636 521 726 confistim
540 635 834 727 prodirent
867 635 1126 698 Doli'ores
1159 679 1180 711 ,
1227 639 1323 725 qui
1355 635 1603 699 docerent
1634 685 1652 708 ‚
1697 638 2008 724 Pontificem
2054 637 2152 731 cffe'

75 737 385 795 Dominum
418 729 792 816 beneficiorum
828 733 1114 806 omnium3
1162 753 1223 792 ac
1255 728 1373 794 ideo
1410 755 1533 795 cum
1567 736 1840 795 Dominus
1854 736 1988 817 jure
2004 760 2149 799 ven-

72 824 171 888 dat
203 826 266 892 id
295 826 443 916 quod
446 825 619 915 suum
653 825 724 914 est
740 870 761 902 ,
807 821 1086 914 neccffzrio
1100 823 1264 914 stqui
1280 873 1294 897 ‚
1341 829 1405 889 in
1436 827 1747 908 Pontificem
1779 851 1892 891 non
1894 827 2038 919 pqsst
2054 856 2145 894 ca-

70 919 198 983 dere
229 925 535 985 Simoniani
553 967 574 998 ,
618 925 699 984 ita
733 916 878 1011 quod
909 919 1170 985 voluntas
1204 920 1472 999 Pontfficis
1488 967 1509 997 ,
1555 923 1935 1012 qualiscunque
1949 949 2008 988 ea
2010 924 2146 1014 fue-

68 1019 148 1078 rit
166 1060 186 1091 ,
209 1015 298 1102 stt
329 1017 514 1106 regula
548 1039 656 1106 qua
689 1020 797 1104 qus
830 1019 1158 1105 operationes
1195 1012 1269 1089 ὠ
1301 1015 1536 1080 actiones
1570 1014 1915 1105 dirigantur:
1953 1044 2024 1083 ex
2039 1044 2146 1110 quo

49 1108 420 1199 proculdubio
437 1109 573 1201 effici
591 1158 606 1181 ‚
653 1128 716 1174 ut
748 1108 1006 1201 quicquid
1033 1104 1199 1171 libeat
1215 1151 1237 1184 ,
1280 1109 1455 1172 liceat.
1503 1118 1593 1174 Ex
1625 1107 1727 1174 hoc
1741 1113 1907 1199 fonte
1939 1162 1953 1184 ‚
2001 1125 2144 1179 San-

66 1206 149 1268 c‘le
184 1215 356 1270 Pater
373 1255 386 1279 ‚
434 1224 702 1296 tanquam
736 1226 805 1269 ex
838 1225 970 1292 equo
1008 1203 1239 1286 Trojano
1274 1207 1520 1293 irrupere
1552 1207 1616 1267 in
1633 1205 1916 1292 Ecclestam
1935 1213 2044 1272 Dei
2060 1227 2142 1273 tot

63 1295 255 1387 abustis
291 1347 309 1378 ‚
355 1300 429 1377 όν
461 1319 580 1364 tam
603 1294 927 1389 gravissimi
960 1293 1139 1362 morbi
1174 1344 1189 1368 ,
1234 1294 1432 1387 quibus
1463 1321 1608 1362 nunc
1642 1298 1984 1390 conspicimus
2017 1328 2144 1367 earn
2171 1305 2173 1307 ’

59 1394 138 1457 ad
165 1392 581 1485 desperationem
596 1389 729 1483 fer}
740 1394 942 1481 filutis
977 1388 1226 1456 laborare
1242 1436 1263 1469 ,
1310 1393 1418 1456 vel
1442 1389 1676 1481 mandffi’
1709 1390 1914 1460 harum
1945 1422 2145 1463 rerum

38 1487 272 1578 famam
305 1490 385 1555 ad
409 1489 649 1578 infideles
679 1488 876 1578 usque3
923 1486 1108 1553 credat
1140 1488 1415 1552 Sanc‘z‘itas
1445 1486 1631 1575 vestra
1642 1487 1945 1576 ſsientibus
1981 1541 1995 1563 ,
2042 1498 2141 1584 qui

57 1580 122 1647 ob
155 1580 300 1649 hanc
317 1584 583 1677 praectpue
612 1584 823 1674 causam
861 1578 1236 1673 Christianam
1268 1584 1586 1672 religionem
1602 1582 1856 1649 derident
1871 1584 2001 1649 adeo
2023 1632 2042 1662 ‚
2078 1604 2143 1652 ut

39 1698 146 1768 per
178 1704 274 1747 nos
307 1726 329 1758 ,
358 1700 466 1772 per
514 1702 611 1744 nos
643 1728 657 1751 ‚
702 1681 981 1770 inquimus
1017 1721 1040 1755 ‚
1087 1673 1484 1769 blasphemetur
1515 1700 1716 1746 nomen
1753 1675 1956 1770 Christi
1989 1686 2140 1748 inter

42 1792 254 1862 gentes.
304 1781 391 1838 Tu
425 1771 563 1839 vero
597 1771 935 1864 Sauttzffime
970 1785 1133 1838 Pater
1150 1816 1172 1848 ,
1219 1772 1413 1864 vidisti
1428 1819 1442 1843 ‚
1489 1771 1620 1836 inde
1653 1773 2022 1864 incipiendam
2039 1776 2138 1867 effi

60 1858 473 1935 medicationem
492 1913 513 1943 ,
559 1867 704 1932 unde
710 1863 965 1956 primum
982 1883 1135 1930 ortus
1151 1864 1221 1961 cst
1237 1863 1474 1931 morbus.
1519 1866 1733 1932 Antea
1750 1870 1910 1934 verb
1931 1870 2139 1956 quum

55 1960 286 2027 abusus
306 1952 811 2050 perstringerent
829 2007 843 2030 ‚
891 1974 1168 2023 monent
1186 1956 1580 2025 Pontificem
1599 2008 1613 2030 ‚
1649 1985 1718 2024 ne
1734 1980 1901 2053 putet
1898 1960 2012 2046 fibi
2027 1962 2142 2053 dist

42 2056 273 2147 penstzre
306 2058 467 2120 licere
498 2059 560 2120 in
592 2050 795 2144 legibus
828 2101 842 2124 ,
889 2050 995 2138 nist
1023 2058 1242 2142 urgenti
1277 2052 1345 2118 de
1377 2051 1526 2143 causti
1561 2052 1634 2129 (ῤ’
1667 2054 1948 2147 necefflzria
1980 2082 2002 2120 .·
2046 2082 2145 2122 ne-

52 2175 159 2241 que
193 2153 349 2216 licere
381 2149 626 2235 Pontifici
659 2147 732 2224 ὠ·
768 2152 977 2213 Vicario
1015 2143 1219 2236 Christi
1251 2153 1314 2212 in
1347 2148 1440 2236 usti
1459 2146 1735 2238 potcstatis
1768 2151 2019 2216 clavium
2053 2155 2136 2218 lu-

54 2270 210 2310 crum
243 2244 466 2336 aliquod
473 2240 589 2332 fibi
621 2262 944 2333 comparare.
1006 2238 1155 2307 Post
1172 2239 1402 2307 abusus
1421 2240 1641 2330 plures
1665 2290 1679 2316 ‚
1727 2243 1973 2336 ebsque
1992 2268 2144 2336 gra-

55 2338 197 2406 viffi
206 2361 346 2406 mos
365 2388 380 2411 ,
428 2340 497 2403 in
517 2337 744 2427 primis
774 2336 945 2401 circa
962 2335 1362 2401 ordinationem
1384 2338 1718 2402 Clericorum
1733 2388 1749 2411 ,
1796 2343 2139 2408 collationem

54 2434 433 2523 beneficiorum
466 2430 935 2519 Ecclesiasticorum
953 2474 973 2506 ,
1019 2428 1265 2494 maxim}
1305 2445 1639 2496 Curatorum
1655 2481 1669 2504 ,
1717 2438 2096 2524 expellativas
2114 2484 2140 2514 ‚

53 2555 113 2595 re
134 2535 448 2595 ervationes
482 2525 857 2603 beneficiorum
876 2570 896 2602 ,
941 2521 1237 2613 abstutiam
1277 2527 1610 2592 Clericorum
1645 2524 1715 2591 ab
1746 2533 1898 2594 Eccle
1916 2536 1983 2595 iis
2005 2532 2143 2614 ficis,

55 2629 417 2714 exemptiones
454 2619 488 2687 a
513 2620 879 2709 juristlili'ione
913 2618 1228 2691 ordinarii,
1276 2621 1698 2687 multitudinem
1734 2624 2012 2697 ordinum
2031 2639 2136 2690 Re-

54 2719 364 2807 ligioso'rum
378 2766 393 2788 ‚
439 2716 833 2805 institutionem
841 2710 1121 2804 publicam
1140 2718 1199 2777 in
1223 2713 1517 2802 Gymnasiis
1534 2765 1548 2786 ,
1593 2724 1815 2783 Gratias
1832 2718 1904 2795 όν
1922 2720 2132 2810 dispen-

34 2815 279 2903 stitiones
298 2857 317 2887 ,
352 2807 642 2896 aliosque
660 2806 895 2872 slmiles
915 2807 1000 2872 ad
1019 2806 1326 2872 incudem
1356 2829 1682 2877 revocant.
1733 2814 2026 2879 Demum
2048 2815 2135 2880 ad

53 2904 272 2995 ipsum
292 2903 680 2969 Romanum
700 2900 1108 2991 Episcopum
1147 2910 1212 2970 ὅτ
1250 2902 1628 2969 Romanam
1672 2905 2030 2974 Ecclesiam
2065 2911 2135 2975 in

55 3000 270 3091 specie
289 2996 673 3065 accedentes
692 3042 713 3072 ,
758 2997 925 3062 inter
942 2994 1065 3061 alia
1081 2994 1369 3064 scribunt
1407 3023 1419 3062 :
1470 3012 1539 3063 In
1572 2996 1676 3065 hac
1708 2999 1842 3067 urbe
1875 3011 2135 3069 meretri-

55 3120 137 3159 ces
170 3113 234 3158 ut
266 3111 524 3158 matrona
559 3090 816 3158 incedunt
832 3111 937 3181 per
955 3088 1144 3156 urbem
1164 3140 1176 3164 ,
1211 3092 1306 3179 feu
1339 3094 1489 3157 mula
1523 3091 1815 3162 vehuntur
1834 3145 1854 3174 ,
1900 3123 2032 3189 quas
2050 3101 2135 3188 53ss

40 3193 323 3281 fi’cJantur
355 3188 423 3253 de
457 3187 640 3254 media
675 3186 762 3251 die
777 3184 977 3251 nobiles
992 3185 1313 3274 fhmiliares
1334 3188 1721 3256 Cardinalium
1739 3242 1753 3264 ,
1806 3192 2120 3281 Clerici'que.

53 3288 227 3352 Nulla
279 3290 341 3350 in
391 3279 523 3349 urbe
573 3280 825 3350 vidimus
876 3277 1020 3346 hanc
1053 3287 1455 3375 corruptionem
1476 3330 1496 3362 ,
1526 3305 1900 3378 praeterquam
1933 3290 1994 3348 in
2031 3282 2132 3348 hac

1889 3403 2144 3444 omnium
