2678 3646
580 144 1200 221 PERIODUS
1251 145 1759 237 QUINTA.
2036 162 2159 229 181
2246 135 2249 138 ’

80 276 434 348 viduarum
454 320 475 354 ,
521 272 799 364 ipsaque
817 267 1230 338 sacratiffima
1251 269 1384 337 Dei
1405 268 1699 361 Templa
1736 267 1877 362 igni
1912 269 2162 341 nefarie

72 374 435 443 succendit.
487 369 807 458 Ctimque
826 364 1218 434 crudelitate
1237 383 1529 433 extrema
1547 368 1616 433 in
1633 364 1881 434 Alsatia
1913 390 2153 459 perpe-

77 487 286 547 trata,
333 466 602 534 tandem
638 486 793 529 cum
828 463 1091 529 armatis
1128 462 1398 554 triginta
1417 459 1709 529 millibus
1745 460 2067 529 Basileam
2103 488 2167 529 a-

81 565 315 632 dortus
337 560 489 628 esset
509 608 530 639 ‚
565 561 602 626 a
621 575 906 648 quatuor
925 556 1215 623 millibus
1238 556 1713 625 Helvetiorum
1730 559 1823 625 ita
1840 577 2161 651 exceptus

80 659 171 726 cst
197 708 210 731 ‚
255 675 331 724 ut
368 655 580 723 victor
596 652 753 721 licet
774 656 889 721 vix
910 655 1169 720 tertiam
1190 654 1515 720 exercitus
1534 652 1630 719 sui
1649 670 1908 744 partem
1927 701 1949 733 ,
1984 654 2162 721 eam-

79 775 214 843 que
231 751 538 818 mutilam
556 757 622 819 &
645 746 917 832 fractam
936 796 956 827 ,
974 746 1203 815 amisso
1221 750 1420 815 etiam
1438 746 1594 814 belli
1615 750 1807 815 Duce
1824 750 2157 816 Arminia-

82 870 166 913 co
186 894 206 925 ,
226 849 294 913 in
314 845 600 914 Galliam
621 845 993 924 reduxerit3
1032 842 1348 911 Concilio
1366 841 1713 910 Basile'ensi
1731 844 1994 911 interim
2016 865 2163 936 per-

80 940 426 1009 severante.
477 938 879 1029 Retulitque
899 938 1008 1004 hic
1041 940 1349 1030 Princeps
1384 938 1659 1030 dignam
1692 937 1889 1031 plane
1927 939 2164 1005 militia

83 1037 434 1104 pontificia
451 1034 842 1102 mercedem.
893 1033 1236 1100 Perierunt
1256 1034 1434 1099 enim
1454 1036 1522 1099 in
1544 1056 1618 1099 ea
1637 1055 1864 1124 pugna
1882 1081 1904 1112 ,
1939 1035 2162 1100 incen-

82 1149 227 1198 tore
264 1133 487 1221 Papa,
535 1128 707 1196 ultra
740 1126 1253 1217 quatuordecim
1291 1125 1500 1193 millia
1532 1128 1830 1193 virorum
1864 1125 2166 1196 fortium.

83 1227 216 1294 Hae
254 1224 500 1291 scilicet
534 1219 809 1313 Papales
844 1222 1121 1289 virtutes
1161 1269 1182 1301 ‚
1232 1220 1334 1287 hae
1368 1220 1803 1313 indulgentiae
1856 1218 2163 1291 fuerunt!

86 1317 382 1389 Concilii
416 1315 617 1409 ipsius
671 1315 1045 1383 Bafileenfis
1097 1312 1436 1383 infelicem
1488 1318 1743 1384 exitum
1797 1315 1899 1384 his
1951 1318 2169 1385 verbis

82 1413 499 1483 Rollfinxius
536 1412 605 1479 in
641 1409 957 1479 fasciculo
992 1409 1332 1503 deplorat:
1387 1413 1690 1479 Concilium
1723 1411 2011 1500 Bifileenst’
2047 1463 2062 1488 ,
2109 1418 2172 1479 in

81 1534 186 1605 quo
236 1512 414 1576 multa
465 1506 605 1574 bonu
637 1507 883 1597 fuerunt
931 1507 1180 1599 instituta
1219 1528 1325 1600 pro
1380 1507 1765 1598 rfformatione
1797 1513 1860 1573 in
1891 1512 2075 1602 capite-⁷
2096 1508 2175 1586 ὠ

74 1603 345 1674 ,membris
362 1652 383 1682 ,
429 1601 625 1669 habuit
643 1608 984 1695 principium
1007 1606 1302 1695 gloriosum
1320 1648 1341 1681 ‚
1364 1603 1476 1693 stol
1484 1604 1669 1689 finem
1703 1600 1975 1670 humilem
1990 1630 2052 1670 ac
2068 1607 2175 1672 tri-

84 1700 356 1768 bulatione
376 1701 607 1789 plenum
625 1718 856 1790 propter
882 1694 1147 1789 Schistnu.
1194 1695 1489 1763 Mirabtlts
1504 1722 1694 1763 rerum
1713 1716 1966 1766 eventus.
2020 1708 2175 1766 Prae-

73 1799 271 1860 ⁴valuit
318 1797 631 1860 Concilium
668 1792 1070 1882 constantiense
1101 1811 1290 1858 contra
1325 1811 1437 1859 tres
1470 1806 1638 1885 Papus
1670 1843 1686 1865 ,
1733 1817 1816 1860 eos
1849 1794 2138 1886 dejiciendo
2155 1844 2173 1867 ,

84 1889 160 1967 ὠ·
193 1908 460 1979 quartum
496 1886 823 1977 instituendo
840 1936 855 1958 ‚
904 1883 1029 1953 cum
1062 1904 1145 1951 tot
1179 1884 1405 1953 haberet
1437 1886 1795 1969 adversitates
1813 1934 1834 1966 ,
1880 1888 1954 1965 03⁸·
1970 1883 2003 1952 ci
2020 1890 2176 1954 nullo

88 1986 473 2072 confirmatum
489 1979 698 2072 fufft.
746 1980 896 2045 Illud
924 1997 1112 2045 autem
1144 1999 1305 2046 tanta
1338 1979 1678 2047 authoritate
1694 1984 1972 2053 tolleitum
1989 1981 2182 2068 &fir-

91 2099 311 2146 matum
328 2128 343 2150 ,
390 2101 485 2143 nec
517 2100 693 2141 unum
713 2079 900 2166 potuit
931 2076 1038 2139 vel
1060 2080 1123 2139 in
1157 2074 1359 2141 modico
1393 2077 1644 2142 reducere
1675 2075 1753 2142 ad
1782 2097 2180 2170 normampro-

77 2173 243 2267 poſjti
272 2178 371 2263 flii
402 2222 417 2243 ,
464 2170 574 2237 imo
626 2168 655 2235 ὲ
705 2188 893 2234 contra
913 2160 1176 2260 proccffiis
1209 2174 1319 2258 ejus
1335 2170 1458 2261 fuit
1492 2170 1785 2263 impeditus
1815 2169 1886 2237 ab
1919 2195 2046 2237 uno.
2093 2169 2181 2238 Ibi

96 2267 270 2335 debile
287 2271 626 2358 principium
658 2263 732 2340 c&
756 2265 887 2347 finis
911 2263 1188 2355 gloriostts.
1255 2270 1362 2330 Hic
1398 2264 1427 2331 ὲ
1459 2284 1647 2332 contra
1667 2264 1886 2359 prucis}
1900 2266 2040 2358 fuit.
2085 2265 2178 2334 Et

97 2362 425 2431 Matthias
470 2355 807 2450 Ugolinus
841 2358 910 2422 in
945 2356 1285 2451 Synodico
1320 2358 1479 2427 suo:
1529 2361 1710 2447 Qut
1724 2409 1744 2439 ,
1780 2362 2001 2451 inquit
2034 2408 2056 2441 ‚
2101 2380 2184 2428 te-

97 2458 344 2525 nendum
377 2474 508 2522 tunc
524 2455 708 2544 flierit
724 2501 740 2525 ‚
784 2448 909 2517 cum
941 2452 1129 2519 eodem
1160 2471 1399 2545 tempore
1434 2458 1673 2521 Concilia
1705 2456 1812 2522 duo
1843 2476 2181 2549 congregata,

102 2553 177 2631 ῤ’
228 2551 306 2617 ad
350 2555 601 2616 invicem
635 2548 988 2638 distrepantia
1022 2553 1392 2641 reperirentur
1425 2597 1446 2628 ‚
1492 2550 1755 2617 videlicet
1788 2552 2076 2640 Bafileenst’
2109 2551 2185 2629 (ῥ’

104 2649 485 2714 Florentinum
518 2690 539 2721 ,
562 2645 762 2733 filvat
798 2638 1041 2731 Christus
1072 2642 1241 2734 Jefits
1272 2695 1286 2717 ,
1332 2644 1642 2735 &Magister
1674 2646 1752 2723 ῤ’
1783 2649 1987 2712 Βοὲἷον
2018 2645 2187 2734 inful—

106 2736 270 2804 libitis
322 2743 580 2806 Veritatis
615 2784 636 2818 ,
665 2757 775 2829 pro
786 2734 1107 2825 sinceritate
1119 2738 1265 2827 fidei*
1295 2738 1519 2827 Eccltstae
1552 2739 1892 2809 inviolabilis
1926 2740 2001 2819 ὠ
2014 2731 2191 2834 spon--

86 2833 321 2925 fastm-
981 2908 983 2910 ⁸
1208 2851 1215 2862 ··

201 2927 266 2994 C
289 2925 360 2992 X
384 2926 440 2992 L
460 2926 494 2993 Ι
513 2926 564 2992 Ι.
614 2923 928 2994 Tandem
946 2925 1310 3020 EugeniUS,
1329 2928 1684 3021 postquam
1705 2932 1956 2999 Divina
1978 2938 2043 3000 ὃ(
2069 2921 2188 2997 hu-
2211 2959 2498 3018 constantim

112 3045 303 3089 mana
323 3022 544 3087 omnia
566 3020 973 3111 perturbavit
991 3069 1012 3101 ,
1029 3024 1108 3110 Α.Ι
1127 3052 1170 3089 u
1188 3048 1223 3091 c
1243 3047 1279 3091 c
1299 3047 1335 3091 c
1355 3048 1391 3091 c
1408 3047 1455 3092 x
1477 3054 1506 3090 ι
1524 3050 1564 3093 v
1597 3049 1651 3093 1.
1676 3026 1830 3094 satis
1852 3024 2188 3103 cotnceflit,
2211 3031 2312 3087 pom
2336 3027 2363 3070 ἃ
2394 3033 2515 3088 ''⁴1'’ae

114 3116 402 3209 αμέοχυ
437 3115 659 3182 nactus
678 3115 1048 3185 Nicolaum
1067 3118 1156 3188 V.
1205 3119 1343 3199 (alii
1377 3121 1503 3190 VI.
1524 3122 1806 3209 vocant)
1857 3089 2499 3212 q111Th0-1⁶„22,'“

112 3234 249 3277 mas
272 3211 591 3278 Sarzanus
608 3230 795 3278 antea
813 3211 1027 3279 dictus
1047 3212 1153 3280 est.
1206 3214 1529 3283 Friderici
1555 3216 1588 3283 I
1609 3218 1640 3284 Ι
1665 3219 1711 3283 Ι.μ
1764 3210 2188 3308 'Imperatoris
2220 3235 2303 3309 ιζ’-’ν
2324 3240 2388 3300 νς»
2422 3222 2496 3265 a·

116 3304 568 3376 intercessione
603 3305 784 3378 cesfit
818 3308 882 3379 ei
914 3305 1110 3400 Felix
1130 3308 1598 3477 V-zdignitate
1636 3312 2013 3383 Cardinalis
2034 3332 2191 3376 con-
2210 3291 2537 3417 ὀζζζζὲζζξζῖξ

1310 3428 1346 3497 3
2053 3423 2195 3471 ten-
