<?xml version="1.0" encoding="UTF-8"?>
<!DOCTYPE html PUBLIC "-//W3C//DTD XHTML 1.0 Transitional//EN"
    "http://www.w3.org/TR/xhtml1/DTD/xhtml1-transitional.dtd">
<html xmlns="http://www.w3.org/1999/xhtml" xml:lang="en" lang="en">
 <head>
  <title>
</title>
<meta http-equiv="Content-Type" content="text/html;charset=utf-8" />
  <meta name='ocr-system' content='tesseract 3.04.00' />
  <meta name='ocr-capabilities' content='ocr_page ocr_carea ocr_par ocr_line ocrx_word'/>
</head>
<body>
  <div class='ocr_page' id='page_1' title='image "./historiapapatus00heiduoft_0086.png"; bbox 0 0 2678 3646; ppageno 0'>
   <div class='ocr_carea' id='block_1_1' title="bbox 563 150 2226 261">
    <p class='ocr_par' dir='ltr' id='par_1_1' title="bbox 563 150 2226 261">
     <span class='ocr_line' id='line_1_1' title="bbox 563 150 2226 261; baseline -0.006 -26"><span class='ocrx_word' id='word_1_1' title='bbox 563 189 648 261; x_wconf 59' lang='grc' dir='ltr'>ς»</span> <span class='ocrx_word' id='word_1_2' title='bbox 934 150 1616 229; x_wconf 62' lang='lat' dir='ltr'>nchEfflAE</span> <span class='ocrx_word' id='word_1_3' title='bbox 1666 153 2226 225; x_wconf 79' lang='lat' dir='ltr'>ROMANAE</span> 
     </span>
    </p>
   </div>
   <div class='ocr_carea' id='block_1_2' title="bbox 287 272 2637 460">
    <p class='ocr_par' dir='ltr' id='par_1_2' title="bbox 287 272 2637 460">
     <span class='ocr_line' id='line_1_2' title="bbox 288 272 2637 364; baseline 0.001 -20"><span class='ocrx_word' id='word_1_4' title='bbox 288 298 434 345; x_wconf 67' lang='lat' dir='ltr'>carole</span> <span class='ocrx_word' id='word_1_5' title='bbox 465 311 531 344; x_wconf 76' lang='lat' dir='ltr'>m-</span> <span class='ocrx_word' id='word_1_6' title='bbox 645 278 975 351; x_wconf 91' lang='lat' dir='ltr'>XLVIII.</span> <span class='ocrx_word' id='word_1_7' title='bbox 1028 275 1321 343; x_wconf 80' lang='lat' dir='ltr'>Liberius</span> <span class='ocrx_word' id='word_1_8' title='bbox 1385 272 1811 341; x_wconf 74' lang='lat' dir='ltr'>nihilominus</span> <span class='ocrx_word' id='word_1_9' title='bbox 1876 276 2163 364; x_wconf 89' lang='lat' dir='ltr'>Papatus</span> <span class='ocrx_word' id='word_1_10' title='bbox 2228 276 2572 345; x_wconf 86' lang='lat' dir='ltr'>Romanus</span> <span class='ocrx_word' id='word_1_11' title='bbox 2592 278 2637 360; x_wconf 57' lang='lat'>5-</span> 
     </span>
     <span class='ocr_line' id='line_1_3' title="bbox 287 366 2611 460; baseline 0.009 -39"><span class='ocrx_word' id='word_1_12' title='bbox 287 380 380 409; x_wconf 69' lang='lat' dir='ltr'>mw</span> <span class='ocrx_word' id='word_1_13' title='bbox 403 369 531 424; x_wconf 61' lang='lat' dir='ltr'><em>Impe-</em></span> <span class='ocrx_word' id='word_1_14' title='bbox 558 375 804 442; x_wconf 71' lang='lat' dir='ltr'>carolo</span> <span class='ocrx_word' id='word_1_15' title='bbox 850 375 1250 460; x_wconf 80' lang='lat' dir='ltr'>Imperatore</span> <span class='ocrx_word' id='word_1_16' title='bbox 1270 415 1292 445; x_wconf 82' lang='grc'>,</span> <span class='ocrx_word' id='word_1_17' title='bbox 1339 366 1612 434; x_wconf 90' lang='lat' dir='ltr'>lacertos</span> <span class='ocrx_word' id='word_1_18' title='bbox 1647 370 1862 434; x_wconf 85' lang='lat' dir='ltr'>movit</span> <span class='ocrx_word' id='word_1_19' title='bbox 1900 416 1921 446; x_wconf 83' lang='lat'><em>,</em></span> <span class='ocrx_word' id='word_1_20' title='bbox 1989 368 2395 437; x_wconf 87' lang='lat' dir='ltr'>Pontificum</span> <span class='ocrx_word' id='word_1_21' title='bbox 2428 373 2611 440; x_wconf 90' lang='lat' dir='ltr'>obse-</span> 
     </span>
    </p>
   </div>
   <div class='ocr_carea' id='block_1_3' title="bbox 285 432 495 474">
    <p class='ocr_par' dir='ltr' id='par_1_3' title="bbox 285 432 495 474">
     <span class='ocr_line' id='line_1_4' title="bbox 285 432 495 474; baseline 0.01 -2"><span class='ocrx_word' id='word_1_22' title='bbox 285 440 427 473; x_wconf 77' lang='lat' dir='ltr'>ratore</span> <span class='ocrx_word' id='word_1_23' title='bbox 438 432 495 474; x_wconf 88' lang='lat' dir='ltr'>li·</span> 
     </span>
    </p>
   </div>
   <div class='ocr_carea' id='block_1_4' title="bbox 256 455 2611 3442">
    <p class='ocr_par' dir='ltr' id='par_1_4' title="bbox 256 455 2611 1591">
     <span class='ocr_line' id='line_1_5' title="bbox 283 455 2611 558; baseline -0 -24"><span class='ocrx_word' id='word_1_24' title='bbox 283 489 420 536; x_wconf 59' lang='lat' dir='ltr'>herim</span> <span class='ocrx_word' id='word_1_25' title='bbox 443 490 494 555; x_wconf 73' lang='lat' dir='ltr'>se</span> <span class='ocrx_word' id='word_1_26' title='bbox 553 471 724 558; x_wconf 89' lang='lat' dir='ltr'>quiis</span> <span class='ocrx_word' id='word_1_27' title='bbox 772 464 1229 532; x_wconf 83' lang='lat' dir='ltr'>claritudinem</span> <span class='ocrx_word' id='word_1_28' title='bbox 1266 469 1331 528; x_wconf 67' lang='grc' dir='ltr'>ὃς</span> <span class='ocrx_word' id='word_1_29' title='bbox 1367 479 1766 552; x_wconf 72' lang='lat' dir='ltr'>protegens,</span> <span class='ocrx_word' id='word_1_30' title='bbox 1797 469 1861 528; x_wconf 61' lang='grc' dir='ltr'>ὃς</span> <span class='ocrx_word' id='word_1_31' title='bbox 1880 455 2297 551; x_wconf 48' lang='lat' dir='ltr'>provehens(</span> <span class='ocrx_word' id='word_1_32' title='bbox 2335 464 2611 555; x_wconf 89' lang='lat' dir='ltr'>Stepha-</span> 
     </span>
     <span class='ocr_line' id='line_1_6' title="bbox 284 552 2610 665; baseline 0.006 -50"><span class='ocrx_word' id='word_1_33' title='bbox 284 562 476 665; x_wconf 57' lang='lat' dir='ltr'>papatqebs</span> <span class='ocrx_word' id='word_1_34' title='bbox 553 585 673 627; x_wconf 89' lang='lat' dir='ltr'>nus</span> <span class='ocrx_word' id='word_1_35' title='bbox 694 562 870 649; x_wconf 88' lang='lat' dir='ltr'>Papa</span> <span class='ocrx_word' id='word_1_36' title='bbox 877 559 1016 645; x_wconf 89' lang='lat' dir='ltr'>jam</span> <span class='ocrx_word' id='word_1_37' title='bbox 1035 573 1185 621; x_wconf 88' lang='lat' dir='ltr'>ante</span> <span class='ocrx_word' id='word_1_38' title='bbox 1220 556 1466 645; x_wconf 89' lang='lat' dir='ltr'>Pipino</span> <span class='ocrx_word' id='word_1_39' title='bbox 1501 552 1910 620; x_wconf 83' lang='lat' dir='ltr'>retaliaturus</span> <span class='ocrx_word' id='word_1_40' title='bbox 1950 553 2358 622; x_wconf 83' lang='lat' dir='ltr'>Francorum</span> <span class='ocrx_word' id='word_1_41' title='bbox 2396 558 2610 651; x_wconf 86' lang='lat' dir='ltr'>Regi-</span> 
     </span>
     <span class='ocr_line' id='line_1_7' title="bbox 275 633 2610 743; baseline 0.001 -26"><span class='ocrx_word' id='word_1_42' title='bbox 275 633 514 728; x_wconf 49' lang='grc' dir='ltr'>,ἵζῖἶῆζζ</span> <span class='ocrx_word' id='word_1_43' title='bbox 548 654 664 720; x_wconf 89' lang='lat' dir='ltr'>bus</span> <span class='ocrx_word' id='word_1_44' title='bbox 687 648 1061 741; x_wconf 87' lang='lat' dir='ltr'>Imperiales</span> <span class='ocrx_word' id='word_1_45' title='bbox 1098 649 1452 739; x_wconf 82' lang='lat' dir='ltr'>dignitates</span> <span class='ocrx_word' id='word_1_46' title='bbox 1489 656 1554 715; x_wconf 84' lang='lat'>&amp;</span> <span class='ocrx_word' id='word_1_47' title='bbox 1591 646 1821 714; x_wconf 87' lang='lat' dir='ltr'>titulos</span> <span class='ocrx_word' id='word_1_48' title='bbox 1859 648 2232 717; x_wconf 87' lang='lat' dir='ltr'>decreverat</span> <span class='ocrx_word' id='word_1_49' title='bbox 2253 698 2273 729; x_wconf 85' lang='grc'>,</span> <span class='ocrx_word' id='word_1_50' title='bbox 2320 653 2610 743; x_wconf 81' lang='lat' dir='ltr'>eumque</span> 
     </span>
     <span class='ocr_line' id='line_1_8' title="bbox 275 742 2604 836; baseline 0.002 -26"><span class='ocrx_word' id='word_1_51' title='bbox 275 746 506 814; x_wconf 55' lang='lat' dir='ltr'>&amp;libem</span> <span class='ocrx_word' id='word_1_52' title='bbox 541 745 781 836; x_wconf 91' lang='lat' dir='ltr'>populi</span> <span class='ocrx_word' id='word_1_53' title='bbox 801 744 1094 810; x_wconf 79' lang='lat' dir='ltr'>Romani</span> <span class='ocrx_word' id='word_1_54' title='bbox 1119 743 1386 809; x_wconf 88' lang='lat' dir='ltr'>nomine</span> <span class='ocrx_word' id='word_1_55' title='bbox 1403 747 1703 807; x_wconf 68' lang='lat' dir='ltr'>Patritz&#39;um</span> <span class='ocrx_word' id='word_1_56' title='bbox 1723 742 1993 809; x_wconf 80' lang='lat' dir='ltr'>dixerat.</span> <span class='ocrx_word' id='word_1_57' title='bbox 2089 743 2369 811; x_wconf 84' lang='lat' dir='ltr'>Carolus</span> <span class='ocrx_word' id='word_1_58' title='bbox 2394 746 2604 814; x_wconf 88' lang='lat' dir='ltr'>Filius</span> 
     </span>
     <span class='ocr_line' id='line_1_9' title="bbox 256 811 2607 933; baseline 0.003 -31"><span class='ocrx_word' id='word_1_59' title='bbox 256 811 483 933; x_wconf 43' lang='grc' dir='ltr'>ἷζῗζζῖἴ</span> <span class='ocrx_word' id='word_1_60' title='bbox 520 832 687 929; x_wconf 74' lang='lat' dir='ltr'>vpost</span> <span class='ocrx_word' id='word_1_61' title='bbox 720 837 978 929; x_wconf 86' lang='lat' dir='ltr'>aliquot</span> <span class='ocrx_word' id='word_1_62' title='bbox 1014 839 1083 904; x_wconf 90' lang='lat' dir='ltr'>in</span> <span class='ocrx_word' id='word_1_63' title='bbox 1119 836 1376 903; x_wconf 89' lang='lat' dir='ltr'>Italiam</span> <span class='ocrx_word' id='word_1_64' title='bbox 1414 836 1875 926; x_wconf 76' lang='lat' dir='ltr'>expeditiones</span> <span class='ocrx_word' id='word_1_65' title='bbox 1908 837 2217 928; x_wconf 71' lang='lat' dir='ltr'>prospere</span> <span class='ocrx_word' id='word_1_66' title='bbox 2238 839 2564 931; x_wconf 88' lang='lat' dir='ltr'>susceptas</span> <span class='ocrx_word' id='word_1_67' title='bbox 2585 890 2607 921; x_wconf 82' lang='lat'><em>,</em></span> 
     </span>
     <span class='ocr_line' id='line_1_10' title="bbox 270 930 2609 1022; baseline 0.004 -27"><span class='ocrx_word' id='word_1_68' title='bbox 270 937 461 1012; x_wconf 55' lang='lat' dir='ltr'>”meniis</span> <span class='ocrx_word' id='word_1_69' title='bbox 540 932 597 999; x_wconf 86' lang='lat' dir='ltr'>F</span> <span class='ocrx_word' id='word_1_70' title='bbox 600 934 831 998; x_wconf 83' lang='lat' dir='ltr'>ranciae</span> <span class='ocrx_word' id='word_1_71' title='bbox 857 936 1000 1022; x_wconf 87' lang='lat' dir='ltr'>jam</span> <span class='ocrx_word' id='word_1_72' title='bbox 1024 979 1043 1009; x_wconf 83' lang='grc'>,</span> <span class='ocrx_word' id='word_1_73' title='bbox 1066 930 1270 998; x_wconf 67' lang='lat' dir='ltr'>Italiae</span> <span class='ocrx_word' id='word_1_74' title='bbox 1291 939 1357 999; x_wconf 61' lang='grc' dir='ltr'>ὃς</span> <span class='ocrx_word' id='word_1_75' title='bbox 1381 930 1750 998; x_wconf 77' lang='lat' dir='ltr'>Germaniae</span> <span class='ocrx_word' id='word_1_76' title='bbox 1790 933 2120 999; x_wconf 89' lang='lat' dir='ltr'>Dominus</span> <span class='ocrx_word' id='word_1_77' title='bbox 2140 980 2160 1011; x_wconf 81' lang='grc'>,</span> <span class='ocrx_word' id='word_1_78' title='bbox 2208 937 2448 1001; x_wconf 90' lang='lat' dir='ltr'>meruit</span> <span class='ocrx_word' id='word_1_79' title='bbox 2469 982 2486 1013; x_wconf 89' lang='lat'>,</span> <span class='ocrx_word' id='word_1_80' title='bbox 2533 954 2609 1004; x_wconf 89' lang='lat' dir='ltr'>ut</span> 
     </span>
     <span class='ocr_line' id='line_1_11' title="bbox 270 1017 2608 1116; baseline 0.001 -23"><span class='ocrx_word' id='word_1_81' title='bbox 270 1017 495 1111; x_wconf 46' lang='lat' dir='ltr'>{ff‘ZZZI-Z„</span> <span class='ocrx_word' id='word_1_82' title='bbox 538 1028 829 1116; x_wconf 77' lang='lat' dir='ltr'>primum</span> <span class='ocrx_word' id='word_1_83' title='bbox 849 1033 1113 1093; x_wconf 68' lang='lat' dir='ltr'>Patritz&#39;us</span> <span class='ocrx_word' id='word_1_84' title='bbox 1147 1039 1423 1092; x_wconf 74' lang='lat' dir='ltr'>Romanus</span> <span class='ocrx_word' id='word_1_85' title='bbox 1443 1076 1465 1098; x_wconf 73' lang='lat'><strong>,</strong></span> <span class='ocrx_word' id='word_1_86' title='bbox 1507 1048 1666 1091; x_wconf 86' lang='lat' dir='ltr'>mox</span> <span class='ocrx_word' id='word_1_87' title='bbox 1686 1027 1881 1091; x_wconf 82' lang='lat' dir='ltr'>etiam</span> <span class='ocrx_word' id='word_1_88' title='bbox 1906 1028 1941 1093; x_wconf 73' lang='lat' dir='ltr'>a</span> <span class='ocrx_word' id='word_1_89' title='bbox 1968 1027 2191 1093; x_wconf 88' lang='lat' dir='ltr'>Leone</span> <span class='ocrx_word' id='word_1_90' title='bbox 2211 1031 2407 1095; x_wconf 81' lang='lat' dir='ltr'>tertio</span> <span class='ocrx_word' id='word_1_91' title='bbox 2426 1077 2446 1107; x_wconf 80' lang='grc'>,</span> <span class='ocrx_word' id='word_1_92' title='bbox 2494 1052 2608 1097; x_wconf 87' lang='lat' dir='ltr'>au-</span> 
     </span>
     <span class='ocr_line' id='line_1_12' title="bbox 267 1118 2604 1211; baseline 0.003 -26"><span class='ocrx_word' id='word_1_93' title='bbox 267 1130 458 1208; x_wconf 60' lang='lat' dir='ltr'>inzrodn·</span> <span class='ocrx_word' id='word_1_94' title='bbox 537 1120 856 1189; x_wconf 88' lang='lat' dir='ltr'>thoritate</span> <span class='ocrx_word' id='word_1_95' title='bbox 892 1146 1023 1188; x_wconf 87' lang='lat' dir='ltr'>non</span> <span class='ocrx_word' id='word_1_96' title='bbox 1063 1122 1371 1211; x_wconf 73' lang='lat' dir='ltr'>propria,</span> <span class='ocrx_word' id='word_1_97' title='bbox 1417 1120 1531 1186; x_wconf 92' lang='lat' dir='ltr'>sed</span> <span class='ocrx_word' id='word_1_98' title='bbox 1566 1118 1808 1210; x_wconf 84' lang='lat' dir='ltr'>populi</span> <span class='ocrx_word' id='word_1_99' title='bbox 1844 1120 2138 1187; x_wconf 74' lang='lat' dir='ltr'>Romani</span> <span class='ocrx_word' id='word_1_100' title='bbox 2157 1169 2184 1200; x_wconf 83' lang='grc'>,.</span> <span class='ocrx_word' id='word_1_101' title='bbox 2228 1125 2328 1189; x_wconf 82' lang='lat' dir='ltr'>uti</span> <span class='ocrx_word' id='word_1_102' title='bbox 2365 1123 2604 1191; x_wconf 58' lang='lat' dir='ltr'>diserte</span> 
     </span>
     <span class='ocr_line' id='line_1_13' title="bbox 265 1192 2604 1321; baseline 0.003 -43"><span class='ocrx_word' id='word_1_103' title='bbox 265 1192 477 1321; x_wconf 43' lang='grc' dir='ltr'>ἑυῗῃοῑξῗ</span> <span class='ocrx_word' id='word_1_104' title='bbox 539 1214 910 1307; x_wconf 87' lang='lat' dir='ltr'>Sigebertus</span> <span class='ocrx_word' id='word_1_105' title='bbox 948 1213 1471 1296; x_wconf 76' lang='lat' dir='ltr'>GemblacenfiS‚</span> <span class='ocrx_word' id='word_1_106' title='bbox 1519 1216 1857 1282; x_wconf 88' lang='lat' dir='ltr'>Marianus</span> <span class='ocrx_word' id='word_1_107' title='bbox 1896 1214 2131 1282; x_wconf 87' lang='lat' dir='ltr'>Scotus</span> <span class='ocrx_word' id='word_1_108' title='bbox 2150 1263 2172 1294; x_wconf 83' lang='grc'>,</span> <span class='ocrx_word' id='word_1_109' title='bbox 2218 1216 2472 1308; x_wconf 70' lang='lat' dir='ltr'>aliique</span> <span class='ocrx_word' id='word_1_110' title='bbox 2508 1236 2604 1285; x_wconf 83' lang='lat' dir='ltr'>te-</span> 
     </span>
     <span class='ocr_line' id='line_1_14' title="bbox 264 1308 2605 1403; baseline 0.005 -35"><span class='ocrx_word' id='word_1_111' title='bbox 264 1316 500 1385; x_wconf 61' lang='lat' dir='ltr'>appetcatio-</span> <span class='ocrx_word' id='word_1_112' title='bbox 537 1309 782 1377; x_wconf 88' lang='lat' dir='ltr'>stantur</span> <span class='ocrx_word' id='word_1_113' title='bbox 832 1311 869 1403; x_wconf 65' lang='grc' dir='ltr'><em>ζ</em></span> <span class='ocrx_word' id='word_1_114' title='bbox 887 1310 1215 1400; x_wconf 87' lang='lat' dir='ltr'>quicquid</span> <span class='ocrx_word' id='word_1_115' title='bbox 1232 1310 1431 1376; x_wconf 90' lang='lat' dir='ltr'>etiam</span> <span class='ocrx_word' id='word_1_116' title='bbox 1466 1309 1575 1375; x_wconf 92' lang='lat' dir='ltr'>hic</span> <span class='ocrx_word' id='word_1_117' title='bbox 1613 1308 1935 1375; x_wconf 76' lang='lat' dir='ltr'>Batonius</span> <span class='ocrx_word' id='word_1_118' title='bbox 1971 1309 2215 1399; x_wconf 86' lang='lat' dir='ltr'>aliique</span> <span class='ocrx_word' id='word_1_119' title='bbox 2254 1311 2420 1377; x_wconf 90' lang='lat' dir='ltr'>sedis</span> <span class='ocrx_word' id='word_1_120' title='bbox 2462 1311 2605 1379; x_wconf 80' lang='lat' dir='ltr'>Ro-</span> 
     </span>
     <span class='ocr_line' id='line_1_15' title="bbox 264 1396 2606 1517; baseline 0.002 -49"><span class='ocrx_word' id='word_1_121' title='bbox 264 1396 507 1517; x_wconf 49' lang='lat' dir='ltr'>anciffim</span> <span class='ocrx_word' id='word_1_122' title='bbox 535 1428 742 1470; x_wconf 82' lang='lat' dir='ltr'>manae</span> <span class='ocrx_word' id='word_1_123' title='bbox 763 1406 1126 1497; x_wconf 85' lang='lat' dir='ltr'>gnathones</span> <span class='ocrx_word' id='word_1_124' title='bbox 1146 1404 1540 1495; x_wconf 87' lang='lat' dir='ltr'>pertendant</span> <span class='ocrx_word' id='word_1_125' title='bbox 1557 1451 1580 1482; x_wconf 78' lang='grc'>,</span> <span class='ocrx_word' id='word_1_126' title='bbox 1625 1405 1911 1495; x_wconf 88' lang='lat' dir='ltr'>immane</span> <span class='ocrx_word' id='word_1_127' title='bbox 1934 1404 2179 1495; x_wconf 83' lang='lat' dir='ltr'>dogma</span> <span class='ocrx_word' id='word_1_128' title='bbox 2200 1405 2355 1472; x_wconf 87' lang='lat' dir='ltr'>inde</span> <span class='ocrx_word' id='word_1_129' title='bbox 2378 1429 2606 1472; x_wconf 90' lang='lat' dir='ltr'>eruen-</span> 
     </span>
     <span class='ocr_line' id='line_1_16' title="bbox 433 1490 2603 1591; baseline 0.001 -25"><span class='ocrx_word' id='word_1_130' title='bbox 433 1490 450 1503; x_wconf 70' lang='grc'><strong><em>”</em></strong></span> <span class='ocrx_word' id='word_1_131' title='bbox 533 1517 630 1566; x_wconf 88' lang='lat' dir='ltr'>tes</span> <span class='ocrx_word' id='word_1_132' title='bbox 648 1546 670 1579; x_wconf 85' lang='grc'>,</span> <span class='ocrx_word' id='word_1_133' title='bbox 718 1499 1037 1591; x_wconf 87' lang='lat' dir='ltr'>Episcopi</span> <span class='ocrx_word' id='word_1_134' title='bbox 1058 1499 1351 1566; x_wconf 88' lang='lat' dir='ltr'>Romani</span> <span class='ocrx_word' id='word_1_135' title='bbox 1361 1501 1469 1588; x_wconf 92' lang='lat' dir='ltr'>jus</span> <span class='ocrx_word' id='word_1_136' title='bbox 1489 1497 1613 1565; x_wconf 84' lang='lat' dir='ltr'>effe</span> <span class='ocrx_word' id='word_1_137' title='bbox 1632 1545 1656 1577; x_wconf 11' lang='grc' dir='ltr'>,Α</span> <span class='ocrx_word' id='word_1_138' title='bbox 1692 1498 1982 1589; x_wconf 87' lang='lat' dir='ltr'>Imperia</span> <span class='ocrx_word' id='word_1_139' title='bbox 2006 1506 2071 1567; x_wconf 63' lang='grc' dir='ltr'>ὃς</span> <span class='ocrx_word' id='word_1_140' title='bbox 2091 1499 2330 1591; x_wconf 83' lang='lat' dir='ltr'>Regna</span> <span class='ocrx_word' id='word_1_141' title='bbox 2349 1519 2603 1568; x_wconf 88' lang='lat' dir='ltr'>mutare</span> 
     </span>
    </p>

    <p class='ocr_par' dir='ltr' id='par_1_5' title="bbox 524 1592 2611 2062">
     <span class='ocr_line' id='line_1_17' title="bbox 535 1592 2611 1687; baseline 0 -26"><span class='ocrx_word' id='word_1_142' title='bbox 535 1601 602 1662; x_wconf 86' lang='lat'>&amp;</span> <span class='ocrx_word' id='word_1_143' title='bbox 623 1592 1006 1687; x_wconf 79' lang='lat' dir='ltr'>transferre)</span> <span class='ocrx_word' id='word_1_144' title='bbox 1030 1594 1399 1684; x_wconf 88' lang='lat' dir='ltr'>Imperator</span> <span class='ocrx_word' id='word_1_145' title='bbox 1435 1593 1782 1660; x_wconf 85' lang='lat' dir='ltr'>Romanu-s</span> <span class='ocrx_word' id='word_1_146' title='bbox 1804 1592 2320 1683; x_wconf 86' lang='lat' dir='ltr'>proclamaretur</span> <span class='ocrx_word' id='word_1_147' title='bbox 2338 1642 2359 1673; x_wconf 87' lang='grc'>,</span> <span class='ocrx_word' id='word_1_148' title='bbox 2408 1606 2611 1661; x_wconf 70' lang='lat' dir='ltr'>coro-r</span> 
     </span>
     <span class='ocr_line' id='line_1_18' title="bbox 529 1685 2603 1779; baseline 0.001 -26"><span class='ocrx_word' id='word_1_149' title='bbox 529 1690 937 1779; x_wconf 75' lang='lat' dir='ltr'>nareturque.</span> <span class='ocrx_word' id='word_1_150' title='bbox 1035 1688 1178 1754; x_wconf 89' lang='lat' dir='ltr'>Ubi</span> <span class='ocrx_word' id='word_1_151' title='bbox 1199 1690 1491 1754; x_wconf 89' lang='lat' dir='ltr'>Leonem</span> <span class='ocrx_word' id='word_1_152' title='bbox 1510 1687 1626 1754; x_wconf 91' lang='lat' dir='ltr'>suo</span> <span class='ocrx_word' id='word_1_153' title='bbox 1645 1685 2021 1777; x_wconf 84' lang='lat' dir='ltr'>populique</span> <span class='ocrx_word' id='word_1_154' title='bbox 2042 1690 2309 1754; x_wconf 89' lang='lat' dir='ltr'>nomine</span> <span class='ocrx_word' id='word_1_155' title='bbox 2327 1713 2459 1754; x_wconf 91' lang='lat' dir='ltr'>non</span> <span class='ocrx_word' id='word_1_156' title='bbox 2478 1690 2603 1755; x_wconf 90' lang='lat' dir='ltr'>im-</span> 
     </span>
     <span class='ocr_line' id='line_1_19' title="bbox 528 1780 2601 1873; baseline 0 -26"><span class='ocrx_word' id='word_1_157' title='bbox 528 1783 792 1872; x_wconf 90' lang='lat' dir='ltr'>perium</span> <span class='ocrx_word' id='word_1_158' title='bbox 830 1781 1080 1851; x_wconf 87' lang='lat' dir='ltr'>Carolo</span> <span class='ocrx_word' id='word_1_159' title='bbox 1099 1830 1120 1861; x_wconf 82' lang='grc'>,</span> <span class='ocrx_word' id='word_1_160' title='bbox 1167 1782 1279 1848; x_wconf 90' lang='lat' dir='ltr'>seu</span> <span class='ocrx_word' id='word_1_161' title='bbox 1315 1805 1452 1848; x_wconf 89' lang='lat' dir='ltr'>rem</span> <span class='ocrx_word' id='word_1_162' title='bbox 1502 1780 1541 1873; x_wconf 76' lang='grc'><strong><em>&lt;</em></strong></span> <span class='ocrx_word' id='word_1_163' title='bbox 1559 1805 1708 1847; x_wconf 91' lang='lat' dir='ltr'>nam</span> <span class='ocrx_word' id='word_1_164' title='bbox 1749 1781 1805 1847; x_wconf 85' lang='lat' dir='ltr'>F</span> <span class='ocrx_word' id='word_1_165' title='bbox 1809 1783 2039 1846; x_wconf 80' lang='lat' dir='ltr'>ranciae</span> <span class='ocrx_word' id='word_1_166' title='bbox 2060 1829 2080 1860; x_wconf 87' lang='grc'>,</span> <span class='ocrx_word' id='word_1_167' title='bbox 2129 1780 2336 1862; x_wconf 72' lang='lat' dir='ltr'>Italiae</span> <span class='ocrx_word' id='word_1_168' title='bbox 2358 1828 2380 1860; x_wconf 81' lang='grc'>,</span> <span class='ocrx_word' id='word_1_169' title='bbox 2430 1782 2601 1849; x_wconf 89' lang='lat' dir='ltr'>Ger-</span> 
     </span>
     <span class='ocr_line' id='line_1_20' title="bbox 526 1873 2598 1967; baseline 0 -26"><span class='ocrx_word' id='word_1_170' title='bbox 526 1878 759 1942; x_wconf 83' lang='lat' dir='ltr'>maniae</span> <span class='ocrx_word' id='word_1_171' title='bbox 768 1879 909 1967; x_wconf 82' lang='lat' dir='ltr'>jam</span> <span class='ocrx_word' id='word_1_172' title='bbox 928 1895 1073 1953; x_wconf 87' lang='lat' dir='ltr'>tum</span> <span class='ocrx_word' id='word_1_173' title='bbox 1111 1877 1414 1943; x_wconf 91' lang='lat' dir='ltr'>dominio</span> <span class='ocrx_word' id='word_1_174' title='bbox 1434 1878 1687 1966; x_wconf 87' lang='lat' dir='ltr'>potitus</span> <span class='ocrx_word' id='word_1_175' title='bbox 1708 1873 1898 1963; x_wconf 80' lang='lat' dir='ltr'>erat)</span> <span class='ocrx_word' id='word_1_176' title='bbox 1947 1874 2060 1941; x_wconf 93' lang='lat' dir='ltr'>sed</span> <span class='ocrx_word' id='word_1_177' title='bbox 2094 1875 2186 1940; x_wconf 92' lang='lat' dir='ltr'>rei</span> <span class='ocrx_word' id='word_1_178' title='bbox 2222 1883 2289 1943; x_wconf 85' lang='lat'>&amp;</span> <span class='ocrx_word' id='word_1_179' title='bbox 2329 1876 2598 1966; x_wconf 88' lang='lat' dir='ltr'>imperii</span> 
     </span>
     <span class='ocr_line' id='line_1_21' title="bbox 524 1966 2600 2062; baseline 0 -26"><span class='ocrx_word' id='word_1_180' title='bbox 524 1969 800 2037; x_wconf 52' lang='lat' dir='ltr'>titulum&gt;</span> <span class='ocrx_word' id='word_1_181' title='bbox 819 1972 1140 2044; x_wconf 81' lang='lat' dir='ltr'>duntaxat</span> <span class='ocrx_word' id='word_1_182' title='bbox 1176 1968 1518 2038; x_wconf 83' lang='lat' dir='ltr'>contuliffe</span> <span class='ocrx_word' id='word_1_183' title='bbox 1536 2017 1557 2048; x_wconf 86' lang='grc'>,</span> <span class='ocrx_word' id='word_1_184' title='bbox 1604 1993 1815 2059; x_wconf 89' lang='lat' dir='ltr'>nuper</span> <span class='ocrx_word' id='word_1_185' title='bbox 1841 1968 1995 2060; x_wconf 88' lang='lat' dir='ltr'>Joh.</span> <span class='ocrx_word' id='word_1_186' title='bbox 2036 1969 2120 2034; x_wconf 89' lang='lat' dir='ltr'>de</span> <span class='ocrx_word' id='word_1_187' title='bbox 2139 1966 2460 2037; x_wconf 85' lang='lat' dir='ltr'>Buflieres</span> <span class='ocrx_word' id='word_1_188' title='bbox 2484 1970 2600 2062; x_wconf 92' lang='lat' dir='ltr'>Je-</span> 
     </span>
    </p>

    <p class='ocr_par' dir='ltr' id='par_1_6' title="bbox 528 2061 2605 2157">
     <span class='ocr_line' id='line_1_22' title="bbox 528 2061 2605 2157; baseline 0.001 -30"><span class='ocrx_word' id='word_1_189' title='bbox 528 2062 691 2130; x_wconf 87' lang='lat' dir='ltr'>suita</span> <span class='ocrx_word' id='word_1_190' title='bbox 710 2067 1062 2157; x_wconf 66' lang='lat' dir='ltr'>HstFranc·</span> <span class='ocrx_word' id='word_1_191' title='bbox 1085 2064 1179 2131; x_wconf 74' lang='lat' dir='ltr'>lib.</span> <span class='ocrx_word' id='word_1_192' title='bbox 1216 2086 1280 2152; x_wconf 79' lang='lat'>4.</span> <span class='ocrx_word' id='word_1_193' title='bbox 1325 2061 1587 2131; x_wconf 85' lang='lat' dir='ltr'>fatetur.</span> <span class='ocrx_word' id='word_1_194' title='bbox 1685 2063 2255 2153; x_wconf 83' lang='lat' dir='ltr'>Transegeratque</span> <span class='ocrx_word' id='word_1_195' title='bbox 2283 2066 2423 2152; x_wconf 86' lang='lat' dir='ltr'>jam</span> <span class='ocrx_word' id='word_1_196' title='bbox 2463 2067 2605 2130; x_wconf 70' lang='lat' dir='ltr'>(Za--</span> 
     </span>
    </p>

    <p class='ocr_par' dir='ltr' id='par_1_7' title="bbox 528 2157 2595 2345">
     <span class='ocr_line' id='line_1_23' title="bbox 528 2157 2595 2251; baseline 0.001 -30"><span class='ocrx_word' id='word_1_197' title='bbox 528 2157 703 2224; x_wconf 87' lang='lat' dir='ltr'>rolus</span> <span class='ocrx_word' id='word_1_198' title='bbox 724 2182 878 2227; x_wconf 92' lang='lat' dir='ltr'>cum</span> <span class='ocrx_word' id='word_1_199' title='bbox 914 2158 1429 2251; x_wconf 86' lang='lat' dir='ltr'>Imperatoribus</span> <span class='ocrx_word' id='word_1_200' title='bbox 1451 2158 1750 2225; x_wconf 87' lang='lat' dir='ltr'>Orientis</span> <span class='ocrx_word' id='word_1_201' title='bbox 1772 2204 1791 2234; x_wconf 82' lang='lat'><em>,</em></span> <span class='ocrx_word' id='word_1_202' title='bbox 1840 2179 1912 2221; x_wconf 86' lang='lat' dir='ltr'>ea</span> <span class='ocrx_word' id='word_1_203' title='bbox 1932 2157 2078 2247; x_wconf 87' lang='lat' dir='ltr'>lege</span> <span class='ocrx_word' id='word_1_204' title='bbox 2101 2203 2122 2234; x_wconf 87' lang='grc'>,</span> <span class='ocrx_word' id='word_1_205' title='bbox 2170 2175 2245 2224; x_wconf 94' lang='lat' dir='ltr'>ut</span> <span class='ocrx_word' id='word_1_206' title='bbox 2282 2169 2595 2248; x_wconf 80' lang='lat' dir='ltr'>Imperator</span> 
     </span>
     <span class='ocr_line' id='line_1_24' title="bbox 530 2250 2593 2345; baseline 0.002 -32"><span class='ocrx_word' id='word_1_207' title='bbox 530 2250 855 2320; x_wconf 89' lang='lat' dir='ltr'>diceretur</span> <span class='ocrx_word' id='word_1_208' title='bbox 872 2273 1151 2345; x_wconf 84' lang='lat' dir='ltr'>uterque</span> <span class='ocrx_word' id='word_1_209' title='bbox 1168 2292 1190 2335; x_wconf 76' lang='lat'>3</span> <span class='ocrx_word' id='word_1_210' title='bbox 1214 2252 1497 2323; x_wconf 86' lang='lat' dir='ltr'>Carolus</span> <span class='ocrx_word' id='word_1_211' title='bbox 1518 2261 1584 2321; x_wconf 67' lang='grc' dir='ltr'>δε</span> <span class='ocrx_word' id='word_1_212' title='bbox 1603 2251 1843 2341; x_wconf 79' lang='lat' dir='ltr'>posteri</span> <span class='ocrx_word' id='word_1_213' title='bbox 1864 2250 2258 2318; x_wconf 85' lang='lat' dir='ltr'>Occidentis</span> <span class='ocrx_word' id='word_1_214' title='bbox 2283 2276 2296 2316; x_wconf 91' lang='lat'><strong>:</strong></span> <span class='ocrx_word' id='word_1_215' title='bbox 2349 2253 2593 2318; x_wconf 88' lang='lat' dir='ltr'>Orien-</span> 
     </span>
    </p>

    <p class='ocr_par' dir='ltr' id='par_1_8' title="bbox 505 2344 2596 2626">
     <span class='ocr_line' id='line_1_25' title="bbox 531 2344 2591 2439; baseline 0.002 -31"><span class='ocrx_word' id='word_1_216' title='bbox 531 2344 613 2408; x_wconf 73' lang='lat' dir='ltr'>tis</span> <span class='ocrx_word' id='word_1_217' title='bbox 636 2349 866 2413; x_wconf 82' lang='lat' dir='ltr'>caeteri.</span> <span class='ocrx_word' id='word_1_218' title='bbox 953 2348 1140 2415; x_wconf 85' lang='lat' dir='ltr'>Sicut</span> <span class='ocrx_word' id='word_1_219' title='bbox 1173 2365 1392 2416; x_wconf 86' lang='lat' dir='ltr'>autem</span> <span class='ocrx_word' id='word_1_220' title='bbox 1421 2349 1627 2439; x_wconf 88' lang='lat' dir='ltr'>gratia</span> <span class='ocrx_word' id='word_1_221' title='bbox 1667 2347 1942 2437; x_wconf 84' lang='lat' dir='ltr'>gratiam</span> <span class='ocrx_word' id='word_1_222' title='bbox 1964 2368 2188 2436; x_wconf 86' lang='lat' dir='ltr'>parere</span> <span class='ocrx_word' id='word_1_223' title='bbox 2209 2393 2229 2424; x_wconf 85' lang='grc'>,</span> <span class='ocrx_word' id='word_1_224' title='bbox 2276 2352 2341 2414; x_wconf 82' lang='lat'>&amp;</span> <span class='ocrx_word' id='word_1_225' title='bbox 2361 2370 2591 2413; x_wconf 91' lang='lat' dir='ltr'>manus</span> 
     </span>
     <span class='ocr_line' id='line_1_26' title="bbox 505 2437 2596 2531; baseline 0.005 -33"><span class='ocrx_word' id='word_1_226' title='bbox 505 2458 796 2506; x_wconf 80' lang='lat' dir='ltr'>manum</span> <span class='ocrx_word' id='word_1_227' title='bbox 814 2440 1026 2508; x_wconf 76' lang='lat' dir='ltr'>lavare</span> <span class='ocrx_word' id='word_1_228' title='bbox 1043 2442 1238 2511; x_wconf 88' lang='lat' dir='ltr'>solet:</span> <span class='ocrx_word' id='word_1_229' title='bbox 1289 2443 1380 2508; x_wconf 91' lang='lat' dir='ltr'>ita</span> <span class='ocrx_word' id='word_1_230' title='bbox 1401 2440 1682 2509; x_wconf 87' lang='lat' dir='ltr'>Carolus</span> <span class='ocrx_word' id='word_1_231' title='bbox 1723 2437 2074 2506; x_wconf 61' lang='lat' dir='ltr'>benefactis</span> <span class='ocrx_word' id='word_1_232' title='bbox 2114 2440 2440 2531; x_wconf 88' lang='lat' dir='ltr'>Papa-rum</span> <span class='ocrx_word' id='word_1_233' title='bbox 2475 2441 2596 2508; x_wconf 85' lang='lat' dir='ltr'>ho-</span> 
     </span>
     <span class='ocr_line' id='line_1_27' title="bbox 532 2528 2591 2626; baseline 0.003 -32"><span class='ocrx_word' id='word_1_234' title='bbox 532 2528 902 2601; x_wconf 84' lang='lat' dir='ltr'>stimentum</span> <span class='ocrx_word' id='word_1_235' title='bbox 921 2536 1145 2603; x_wconf 81' lang='lat' dir='ltr'>retulit</span> <span class='ocrx_word' id='word_1_236' title='bbox 1164 2585 1185 2615; x_wconf 82' lang='grc'>,</span> <span class='ocrx_word' id='word_1_237' title='bbox 1232 2537 1457 2626; x_wconf 89' lang='lat' dir='ltr'>Pipini</span> <span class='ocrx_word' id='word_1_238' title='bbox 1479 2536 1836 2603; x_wconf 89' lang='lat' dir='ltr'>donatione</span> <span class='ocrx_word' id='word_1_239' title='bbox 1857 2558 1988 2601; x_wconf 90' lang='lat' dir='ltr'>non</span> <span class='ocrx_word' id='word_1_240' title='bbox 2009 2533 2394 2601; x_wconf 88' lang='lat' dir='ltr'>confirmata</span> <span class='ocrx_word' id='word_1_241' title='bbox 2420 2535 2591 2601; x_wconf 90' lang='lat' dir='ltr'>dun-</span> 
     </span>
    </p>

    <p class='ocr_par' dir='ltr' id='par_1_9' title="bbox 529 2625 2595 2718">
     <span class='ocr_line' id='line_1_28' title="bbox 529 2625 2595 2718; baseline 0.005 -32"><span class='ocrx_word' id='word_1_242' title='bbox 529 2640 742 2703; x_wconf 80' lang='lat' dir='ltr'>taxat,</span> <span class='ocrx_word' id='word_1_243' title='bbox 788 2628 901 2695; x_wconf 89' lang='lat' dir='ltr'>sed</span> <span class='ocrx_word' id='word_1_244' title='bbox 919 2631 1278 2697; x_wconf 75' lang='lat' dir='ltr'>immodice</span> <span class='ocrx_word' id='word_1_245' title='bbox 1301 2631 1498 2696; x_wconf 80' lang='lat' dir='ltr'>etiam</span> <span class='ocrx_word' id='word_1_246' title='bbox 1533 2628 1754 2695; x_wconf 69' lang='lat' dir='ltr'>austa:</span> <span class='ocrx_word' id='word_1_247' title='bbox 1807 2627 2113 2695; x_wconf 82' lang='lat' dir='ltr'>univerfis</span> <span class='ocrx_word' id='word_1_248' title='bbox 2151 2625 2287 2693; x_wconf 75' lang='lat' dir='ltr'>fere</span> <span class='ocrx_word' id='word_1_249' title='bbox 2309 2627 2595 2718; x_wconf 40' lang='lat' dir='ltr'>opibusffl</span> 
     </span>
    </p>

    <p class='ocr_par' dir='ltr' id='par_1_10' title="bbox 525 2720 2588 2815">
     <span class='ocr_line' id='line_1_29' title="bbox 525 2720 2588 2815; baseline 0.005 -37"><span class='ocrx_word' id='word_1_250' title='bbox 525 2737 683 2800; x_wconf 85' lang='lat' dir='ltr'>quas</span> <span class='ocrx_word' id='word_1_251' title='bbox 720 2721 986 2787; x_wconf 88' lang='lat' dir='ltr'>Hunnis</span> <span class='ocrx_word' id='word_1_252' title='bbox 1024 2726 1304 2815; x_wconf 79' lang='lat' dir='ltr'>eripuit,</span> <span class='ocrx_word' id='word_1_253' title='bbox 1351 2725 1422 2789; x_wconf 87' lang='lat' dir='ltr'>in·</span> <span class='ocrx_word' id='word_1_254' title='bbox 1458 2722 1765 2791; x_wconf 77' lang='lat' dir='ltr'>Ecclefiae</span> <span class='ocrx_word' id='word_1_255' title='bbox 1809 2724 2105 2789; x_wconf 78' lang='lat' dir='ltr'>aerarium</span> <span class='ocrx_word' id='word_1_256' title='bbox 2142 2720 2375 2788; x_wconf 86' lang='lat' dir='ltr'>illatis:</span> <span class='ocrx_word' id='word_1_257' title='bbox 2425 2723 2588 2813; x_wconf 85' lang='lat' dir='ltr'>Epi-</span> 
     </span>
    </p>

    <p class='ocr_par' dir='ltr' id='par_1_11' title="bbox 525 2805 2595 2908">
     <span class='ocr_line' id='line_1_30' title="bbox 525 2805 2595 2908; baseline 0.007 -39"><span class='ocrx_word' id='word_1_258' title='bbox 525 2805 737 2896; x_wconf 77' lang='lat' dir='ltr'>scopis</span> <span class='ocrx_word' id='word_1_259' title='bbox 756 2814 1030 2881; x_wconf 79' lang='lat' dir='ltr'>vicissim</span> <span class='ocrx_word' id='word_1_260' title='bbox 1053 2842 1175 2907; x_wconf 90' lang='lat' dir='ltr'>pro</span> <span class='ocrx_word' id='word_1_261' title='bbox 1211 2817 1417 2883; x_wconf 88' lang='lat' dir='ltr'>modo</span> <span class='ocrx_word' id='word_1_262' title='bbox 1452 2816 1852 2885; x_wconf 83' lang='lat' dir='ltr'>liberalitatis</span> <span class='ocrx_word' id='word_1_263' title='bbox 1878 2864 1896 2895; x_wconf 82' lang='grc'>,</span> <span class='ocrx_word' id='word_1_264' title='bbox 1948 2816 1985 2908; x_wconf 63' lang='grc' dir='ltr'>ζ</span> <span class='ocrx_word' id='word_1_265' title='bbox 2004 2818 2103 2883; x_wconf 90' lang='lat' dir='ltr'>uti</span> <span class='ocrx_word' id='word_1_266' title='bbox 2141 2817 2415 2905; x_wconf 83' lang='lat' dir='ltr'>quidem</span> <span class='ocrx_word' id='word_1_267' title='bbox 2450 2816 2595 2907; x_wconf 83' lang='lat' dir='ltr'>ipse·</span> 
     </span>
    </p>

    <p class='ocr_par' dir='ltr' id='par_1_12' title="bbox 526 2898 2586 3190">
     <span class='ocr_line' id='line_1_31' title="bbox 528 2898 2584 3002; baseline 0.007 -40"><span class='ocrx_word' id='word_1_268' title='bbox 528 2898 753 2966; x_wconf 77' lang='lat' dir='ltr'>Petrus</span> <span class='ocrx_word' id='word_1_269' title='bbox 775 2903 858 2969; x_wconf 83' lang='lat' dir='ltr'>de</span> <span class='ocrx_word' id='word_1_270' title='bbox 879 2907 1106 2975; x_wconf 88' lang='lat' dir='ltr'>Marca.</span> <span class='ocrx_word' id='word_1_271' title='bbox 1123 2914 1190 2976; x_wconf 85' lang='lat' dir='ltr'>de</span> <span class='ocrx_word' id='word_1_272' title='bbox 1211 2914 1504 2977; x_wconf 68' lang='lat' dir='ltr'>Concordia</span> <span class='ocrx_word' id='word_1_273' title='bbox 1539 2912 1749 2977; x_wconf 67' lang='lat' dir='ltr'>sacerd,</span> <span class='ocrx_word' id='word_1_274' title='bbox 1788 2914 1860 2988; x_wconf 48' lang='lat' dir='ltr'>(iv</span> <span class='ocrx_word' id='word_1_275' title='bbox 1895 2926 2031 3002; x_wconf 69' lang='lat' dir='ltr'>Imp,</span> <span class='ocrx_word' id='word_1_276' title='bbox 2069 2909 2158 2976; x_wconf 66' lang='lat' dir='ltr'>lib.</span> <span class='ocrx_word' id='word_1_277' title='bbox 2195 2921 2348 2976; x_wconf 78' lang='lat' dir='ltr'><em>VIII&#39;.</em></span> <span class='ocrx_word' id='word_1_278' title='bbox 2381 2934 2499 2998; x_wconf 80' lang='lat'>19:</span> <span class='ocrx_word' id='word_1_279' title='bbox 2525 2936 2584 2977; x_wconf 86' lang='lat'>2.</span> 
     </span>
     <span class='ocr_line' id='line_1_32' title="bbox 526 2988 2581 3096; baseline 0.008 -42"><span class='ocrx_word' id='word_1_280' title='bbox 526 2988 820 3085; x_wconf 78' lang='lat' dir='ltr'>fatetur)</span> <span class='ocrx_word' id='word_1_281' title='bbox 871 2999 955 3063; x_wconf 89' lang='lat' dir='ltr'>de</span> <span class='ocrx_word' id='word_1_282' title='bbox 1006 3004 1221 3091; x_wconf 89' lang='lat' dir='ltr'>rigore</span> <span class='ocrx_word' id='word_1_283' title='bbox 1256 3007 1541 3094; x_wconf 66' lang='lat' dir='ltr'>antiquae</span> <span class='ocrx_word' id='word_1_284' title='bbox 1600 3007 2010 3096; x_wconf 75' lang='lat' dir='ltr'>poenitentiae</span> <span class='ocrx_word' id='word_1_285' title='bbox 2064 3005 2581 3071; x_wconf 82' lang='lat' dir='ltr'>remittentibus:</span> 
     </span>
     <span class='ocr_line' id='line_1_33' title="bbox 527 3083 2586 3190; baseline 0.009 -42"><span class='ocrx_word' id='word_1_286' title='bbox 527 3083 827 3190; x_wconf 67' lang='lat' dir='ltr'>Ecclesiae</span> <span class='ocrx_word' id='word_1_287' title='bbox 865 3091 1186 3158; x_wconf 73' lang='lat' dir='ltr'>Romanae</span> <span class='ocrx_word' id='word_1_288' title='bbox 1227 3102 1607 3165; x_wconf 86' lang='lat' dir='ltr'>ceremoniis</span> <span class='ocrx_word' id='word_1_289' title='bbox 1645 3099 1972 3189; x_wconf 78' lang='lat' dir='ltr'>plerisque</span> <span class='ocrx_word' id='word_1_290' title='bbox 2009 3101 2075 3166; x_wconf 85' lang='lat' dir='ltr'>in</span> <span class='ocrx_word' id='word_1_291' title='bbox 2116 3099 2405 3166; x_wconf 56' lang='lat' dir='ltr'>Francia?</span> <span class='ocrx_word' id='word_1_292' title='bbox 2445 3100 2586 3166; x_wconf 83' lang='lat' dir='ltr'>Re-</span> 
     </span>
    </p>

    <p class='ocr_par' dir='ltr' id='par_1_13' title="bbox 527 3183 2591 3274">
     <span class='ocr_line' id='line_1_34' title="bbox 527 3183 2591 3274; baseline 0.007 -32"><span class='ocrx_word' id='word_1_293' title='bbox 527 3199 732 3272; x_wconf 78' lang='lat' dir='ltr'>gnum</span> <span class='ocrx_word' id='word_1_294' title='bbox 751 3183 1143 3249; x_wconf 59' lang='lat' dir='ltr'>introductis</span> <span class='ocrx_word' id='word_1_295' title='bbox 1166 3222 1181 3262; x_wconf 77' lang='lat'>3</span> <span class='ocrx_word' id='word_1_296' title='bbox 1232 3196 1322 3262; x_wconf 63' lang='grc' dir='ltr'>ὃς,</span> <span class='ocrx_word' id='word_1_297' title='bbox 1342 3193 1531 3274; x_wconf 90' lang='lat' dir='ltr'>quod</span> <span class='ocrx_word' id='word_1_298' title='bbox 1552 3193 1918 3256; x_wconf 69' lang='lat' dir='ltr'>Pontifici-ae</span> <span class='ocrx_word' id='word_1_299' title='bbox 1942 3193 2416 3259; x_wconf 86' lang='lat' dir='ltr'>dominationis</span> <span class='ocrx_word' id='word_1_300' title='bbox 2440 3191 2591 3260; x_wconf 76' lang='lat' dir='ltr'>Pal-</span> 
     </span>
    </p>

    <p class='ocr_par' dir='ltr' id='par_1_14' title="bbox 525 3268 2586 3376">
     <span class='ocr_line' id='line_1_35' title="bbox 525 3268 2586 3376; baseline 0.006 -41"><span class='ocrx_word' id='word_1_301' title='bbox 525 3268 773 3340; x_wconf 71' lang='lat' dir='ltr'>ladium</span> <span class='ocrx_word' id='word_1_302' title='bbox 792 3275 903 3361; x_wconf 69' lang='lat' dir='ltr'>est,</span> <span class='ocrx_word' id='word_1_303' title='bbox 924 3276 1050 3367; x_wconf 83' lang='lat' dir='ltr'>Epi</span> <span class='ocrx_word' id='word_1_304' title='bbox 1059 3276 1272 3367; x_wconf 83' lang='lat' dir='ltr'>scopis</span> <span class='ocrx_word' id='word_1_305' title='bbox 1294 3280 1981 3370; x_wconf 81' lang='lat' dir='ltr'>Metropolitanorum</span> <span class='ocrx_word' id='word_1_306' title='bbox 2004 3286 2113 3353; x_wconf 82' lang='lat' dir='ltr'>vel</span> <span class='ocrx_word' id='word_1_307' title='bbox 2135 3287 2586 3376; x_wconf 81' lang='lat' dir='ltr'>Comprovin-</span> 
     </span>
    </p>

    <p class='ocr_par' dir='ltr' id='par_1_15' title="bbox 994 3399 2591 3442">
     <span class='ocr_line' id='line_1_36' title="bbox 994 3399 2591 3442; baseline 0.004 -6"><span class='ocrx_word' id='word_1_308' title='bbox 994 3416 1005 3424; x_wconf 82' lang='lat'><em>-</em></span> <span class='ocrx_word' id='word_1_309' title='bbox 2455 3399 2591 3442; x_wconf 37' lang='lat' dir='ltr'>cia&amp;¹</span> 
     </span>
    </p>
   </div>
  </div>
 </body>
</html>
