2678 3646
50 47 172 69 <Fetus-b*
189 51 209 59 '⁷'
233 50 236 52 ’

559 117 1176 230 pm‘zmnns
1225 155 1630 232 SEXTA.
1708 130 1709 133 ‘
1914 134 1919 144 “
2064 149 2264 260 239'

127 306 275 353 rum
293 281 551 376 aliquot
567 281 747 374 Papa
792 278 957 360 (dies
977 280 1154 348 enim
1173 301 1218 346 x
1238 302 1282 345 X
1311 303 1363 346 1.
1387 281 1710 350 duntaxat
1729 290 1794 353 δε
1812 284 2070 377 aliquot
2089 271 2207 357 h'o-

131 402 228 447 ras
255 379 465 471 vixit)
515 394 788 469 putatur
805 393 1026 442 tamen
1061 371 1599 443 reformationem
1636 384 2024 473 quampiam
2061 383 2206 456 Ro-

129 498 336 541 manae
360 475 584 542 Curiae
605 469 892 537 molitus.
942 470 1166 558 Qam
1186 494 1319 539 non
1339 472 1779 561 processuram
1816 475 2004 543 fuiffe
2042 527 2056 550 ‚
2104 498 2208 547 ut-

125 588 289 660 pote
308 568 554 637 viribus
573 569 708 632 e'us
727 564 1126 656 superiorem
1145 599 1173 642 ,·
1214 566 1453 632 merito
1475 567 1914 637 Pallavicinus
1933 595 2013 637 au
2020 595 2209 664 gura-

124 682 248 730 tur.
295 664 381 731 Et
401 661 574 730 forte
641 682 732 727 aec
751 658 887 749 ipsa
908 659 1093 728 causa
1112 658 1202 725 est
1221 706 1243 738 ,
1290 661 1482 749 quod
1501 661 1849 730 difficilem
1885 666 2009 733 esse
2044 667 2205 735 salu-

126 775 262 824 tem
301 755 710 829 Pontificum
747 754 1213 820 Romanorum
1250 800 1272 832 ,
1322 755 1688 823 Marcellus
1745 760 2199 851 ingeminavit.

124 851 343 919 Testis
380 854 638 943 quippe
655 851 724 916 in
743 851 878 939 ejus
899 849 1036 915 vita
1055 847 1144 915 est
1166 847 1563 940 Onuphrius
1583 899 1603 930 ,
1652 852 2051 922 Marcellum
2061 858 2204 945 jam

123 945 523 1014 Pontificem
542 969 666 1037 pro
685 942 901 1010 mensa
919 942 1136 1010 subito
1158 943 1706 1014 conticescentem
1727 994 1748 1027 ,
1789 946 1910 1014 'fibi
1946 952 2206 1019 recitari

111 1039 354 1130 juffisse
387 1040 584 1108 verba
621 1037 959 1106 Pontificis
978 1036 1256 1104 Adriani
1273 1036 1645 1127 sequentia:
1694 1055 1938 1109 Romano
1975 1048 2214 1134 Pontifi—

118 1161 175 1200 ce
206 1161 366 1206 nemo
399 1136 468 1227 cst
501 1131 893 1225 mistrabiliom
943 1131 1246 1219 conditione
1281 1136 1390 1222 ejus
1422 1136 1574 1198 nulla
1606 1136 1870 1225 mfirt'or.
1918 1142 2107 1205 Totius
2141 1166 2198 1205 e-

117 1237 242 1295 nim
278 1236 411 1298 vitae
445 1235 553 1323 ejus
590 1232 773 1294 laetitt‘a
807 1226 880 1304 (θ’
895 1225 1146 1315 felicitas
1179 1225 1250 1315 cst
1282 1228 1609 1293 amaritudo,
1660 1227 1939 1297 Cathedra
1957 1241 2193 1300 Romani

113 1327 382 1416 Pontt'ficz's
414 1322 705 1417 cstspinoſst
724 1369 745 1400 ,
789 1327 896 1387 iter
927 1321 1168 1413 undique
1199 1323 1498 1409 construam
1529 1325 1724 1389 aculeis
1741 1370 1761 1406 ,
1792 1326 2011 1417 pondus
2026 1346 2190 1395 tanta

113 1422 272 1486 molis
306 1467 326 1498 ,
372 1439 437 1485 ut
469 1415 845 1510 robtstffmos
862 1434 1091 1508 premat
1123 1415 1196 1492 ὠ
1229 1415 1537 1507 confringat
1587 1415 1858 1486 humeros.
1924 1422 2038 1510 Q1
2044 1421 2189 1489 ibus

113 1514 324 1582 verbis
349 1514 631 1581 recitatis
652 1559 673 1591 ,
721 1533 921 1578 manu
941 1509 1227 1576 mensam
1247 1512 1726 1600 percutientem
1746 1536 1900 1581 eum
1920 1515 2187 1585 dixiffe:

107 1621 238 1675 Non
272 1611 439 1679 video
474 1652 495 1687 ,
542 1606 807 1700 quomodo
840 1611 935 1697 qui
965 1606 1142 1670 locum
1176 1601 1326 1671 hunc
1357 1604 1677 1697 altifflmum
1726 1627 1953 1689 tenens,
1983 1611 2190 1704 poffint
2206 1629 2403 1699 sarum„
2415 1642 2525 1687 pm„

84 1705 333 1794 sttlvari.
396 1701 600 1771 Tales
634 1699 882 1767 scilicet
899 1746 921 1777 ‚
967 1721 1257 1791 quorum
1292 1702 1702 1768 conclamata
1737 1721 1975 1771 aeterna
2009 1696 2179 1773 salus
2204 1693 2528 1806 ggcymisfpm

106 1798 196 1864 est
232 1844 252 1877 a
300 1797 598 1866 Christus
617 1795 763 1863 suos
782 1796 852 1859 in
870 1792 1158 1861 Ecclesia
1174 1792 1478 1861 adversus
1500 1793 1851 1863 Sathanam
1886 1806 1954 1869 &
1988 1824 2179 1869 mun·
2201 1778 2469 1873 habigmm

106 1891 270 1959 dum
289 1891 615 1958 militante
633 1889 910 1959 vicarios
933 1885 1058 1953 esse
1074 1885 1293 1953 voluit
1311 1932 1333 1965 ,
1359 1886 1543 1976 jussit
1568 1909 1579 1955 z

193 1986 259 2054 C
284 1986 340 2052 L
360 1983 431 2050 X
454 1984 526 2051 X
547 1982 616 2048 X
637 1982 689 2048 Ι.
737 1983 844 2048 De
864 1978 1073 2048 Paulo
1091 1979 1127 2047 Ι
1145 1981 1233 2050 V.
1257 1981 1740 2051 Mediolanensi
1758 2033 1781 2064 ,
1825 2004 1978 2055 ante
1995 1991 2178 2061 dieto
2198 2023 2253 2065 ει·
2270 2025 2430 2072 Paulus
2444 2031 2518 2077 η»,

92 2080 402 2174 Johanne
421 2078 619 2146 Petro
638 2073 905 2142 Caraffa
923 2121 944 2153 ‚
993 2073 1298 2142 Marcelli
1315 2074 1667 2145 successore
1686 2126 1706 2157 ,
1740 2078 1826 2145 fic
1853 2080 2177 2174 Johannis
2189 2082 2393 2149 succedit·

102 2175 379 2242 Abbatis
397 2170 740 2243 oraculum
760 2167 1249 2261 praesagiverat:
1297 2169 1536 2237 Intrabit
1573 2177 1735 2239 velut
1767 2189 1950 2243 Draco
1969 2224 1991 2257 ‚
2014 2182 2175 2272 fide.
2195 2156 2479 2266 ἷζζξοέζῆῗ·

102 2269 183 2337 bit
216 2273 379 2335 velut
411 2270 553 2334 alter
569 2278 678 2332 Leo
697 2311 717 2343 ,
755 2266 991 2330 immitis
1005 2266 1283 2357 inpopulo.
1328 2265 1616 2352 Qlalem
1636 2269 1687 2333 is
1708 2268 1770 2335 se
1790 2271 2045 2362 gesserit
2063 2276 2176 2343 ad-
2190 2280 2436 2350 Rraefhgiens

98 2365 317 2432 versus
352 2363 688 2453 supremos
723 2358 958 2425 mundi
979 2359 1309 2448 Principes
1330 2407 1349 2438 ,
1398 2361 1779 2429 pontificios
1800 2366 2031 2442 etiam,
2084 2370 2181 2436 hi-
2199 2347 2460 2463 sssfjjjfgm

101 2460 309 2527 storiae
347 2471 888 2537 commemorant.
973 2452 1346 2519 Cardinalis
1395 2455 1614 2522 adhuc
1650 2504 1671 2534 ,
1718 2458 2180 2535 malevolentia
2202 2478 2287 2535 esim
2311 2481 2517 2543 adversm

100 2553 379 2621 suffusus
398 2553 467 2618 in
490 2547 812 2618 Carolum
834 2546 920 2615 V.
960 2546 1282 2615 Caesarem
1303 2597 1316 2619 ‚
1367 2548 1575 2616 Paulo
1598 2551 1682 2617 ΙΙ
1704 2552 1754 2617 I.
1801 2560 2178 2648 occupandi
2200 2541 2479 2661 rCJfiwga-

100 2649 330 2739 Regni
362 2642 800 2736 Neapolitani
836 2640 1046 2708 suasor
1079 2634 1400 2708 extiterat.
1465 2645 1645 2735 Papa
1679 2647 1840 2712 vero
1882 2671 2168 2727 creatus,
2225 2625 2334 2655 mm

0 2823 1 2827 Ἰ
100 2742 324 2812 nactus
346 2743 662 2830 majorem
683 2736 966 2803 nocendi
985 2734 1391 2802 occasionem
1418 2789 1432 2814 ‚
1479 2740 1828 2807 conditum
1868 2744 2174 2814 adversus

0 2830 2 2914 ᾗ
103 2836 429 2908 Caesarem
447 2834 680 2900 odium
700 2853 1001 2921 promere
1018 2880 1033 2903 ‚
1081 2830 1348 2921 ejusque
1367 2833 1661 2922 partibus
1681 2835 1981 2921 addictos
2011 2888 2030 2919 ,
2077 2844 2176 2908 in-

0 2937 2 2948 *
98 2929 398 3001 credibili
433 2926 609 2994 rabie
645 2924 944 3016 persequi
979 2927 1205 3014 coepit.
1254 2927 1394 2994 Vix
1414 2929 1589 2994 enim
1609 2930 1950 2998 conscensa
1984 2934 2134 3003 sede
2154 2985 2176 3016 ,

0 3058 3 3099 κ
97 3046 371 3120 magnos
392 3023 589 3089 etiam
606 3019 856 3086 ordinis
877 3018 1304 3087 Ecclesiastici
1323 3021 1498 3089 viros
1518 3070 1539 3101 ,
1586 3047 1756 3114 quos
1795 3026 2036 3095 Caesari
2057 3030 2169 3096 'fa-

0 3105 4 3174 3
96 3147 245 3190 vere
265 3115 739 3208 suspicabatur,
785 3114 853 3180 in
873 3136 1154 3180 carceres
1175 3116 1479 3204 conjicit:
1529 3121 1952 3207 quorundam
1988 3124 2161 3192 bona

1 3230 14 3297 ζ
90 3217 423 3310 publicat:
473 3208 797 3277 ministros
833 3231 908 3275 ac
929 3209 1194 3276 nuntios
1219 3209 1575 3285 Caesareos,
1622 3232 1964 3304 quotquot
1998 3236 2154 3306 pot-

2 3331 3 3335 ’
93 3314 184 3383 est
204 3364 219 3388 ,
269 3305 639 3403 intercipit:
709 3302 1109 3397 proscriptos
1162 3303 1199 3370 e
1253 3303 1499 3398 Regno
1547 3307 2038 3400 Neapolitano,
2087 3312 2158 3376 in

2 3423 6 3453 ⁸
712 3463 715 3465 —
960 3398 964 3401 ’
1924 3403 2161 3472 odium
