2678 3646
571 147 1190 224 PERIODUS
1239 150 1783 229 SEPTIMA.
2059 182 2192 254 397

112 277 377 369 quoties
413 270 706 355 luberet,
754 269 1152 342 Pontificem
1188 270 1520 352 adeundi,
1565 281 1633 343 &
1667 271 1999 364 quidlibet
2034 298 2191 345 cum

111 395 195 458 eo
230 369 788 463 tranfigendix'ut
820 388 984 435 mox
1019 364 1366 433 Pontificis
1402 369 1645 460 Nepos
1678 369 2006 437 Camillus
2044 371 2188 438 Ro-
2253 431 2262 449 ,

110 489 290 533 mam
310 490 463 533 cum
483 457 766 555 conjuge
782 478 1127 530 revocatus
1148 461 1217 527 in
1236 463 1512 553 gratiam
1548 486 1701 530 cum
1722 482 1963 555 patruo
1981 467 2187 534 redie-

107 562 229 628 rit:
279 579 356 628 ut
374 559 824 652 postmortem
845 554 1177 624 Panziroli
1198 605 1213 628 ‚
1250 555 1579 650 Olympia
1597 559 1882 650 pristinae
1901 558 2188 629 libertati

108 654 405 723 restituta
424 701 445 735 ‚
490 653 778 721 interdiu
797 654 1038 718 iterum
1057 651 1349 717 adeundi
1384 652 1783 742 Pontificem
1802 653 2191 724 facultatem

112 748 300 817 mita
324 797 346 828 ,
390 746 875 841 ingravescente
900 749 1040 835 jam
1076 744 1326 812 senecta
1344 754 1410 816 &
1426 749 1648 815 attrita
1665 747 2048 816 valetudine
2068 752 2190 819 Pa-

107 866 214 936 pae
236 890 256 923 ,
303 843 608 912 licentius
645 844 850 937 quam
872 863 1166 930 unquam
1184 838 1376 914 alias,
1422 842 1807 933 imperitans
1826 893 1842 916 ,
1862 844 2189 912 summam

111 960 330 1005 rerum
349 939 436 1004 ad
470 937 532 1005 se
550 938 774 1005 denuo
809 938 1207 1002 contraxerit
1224 983 1240 1007 ‚
1260 942 1325 1003 ὃς
1346 934 1737 1028 colligendis
1757 939 2056 1029 undique
2075 938 2190 1030 pess-

110 1034 321 1101 cuniis
359 1026 851 1124 vigilantiffime
885 1027 1458 1120 sordidissime'que
1475 1032 1883 1100 incubuerit:
1934 1052 2011 1100 ut
2028 1057 2183 1124 pro-

104 1125 393 1194 hibuerit
414 1125 811 1195 Pontificem
827 1174 843 1199 ‚
862 1148 944 1191 ne
962 1147 1196 1216 pacem
1216 1123 1492 1191 Gallum
1510 1128 1680 1193 inter
1697 1135 1764 1196 ὃς
1786 1126 2187 1219 Hispanum,

104 1223 215 1288 cui
250 1222 544 1289 universa
579 1222 867 1311 Europae
902 1241 1036 1311 pax
1053 1218 1454 1286 innitebatur
1471 1265 1493 1298 ‚
1524 1219 1667 1287 ullo
1684 1222 1894 1289 modo
1911 1246 2182 1312 promo-

101 1334 286 1385 veret
304 1363 326 1396 ,
372 1335 585 1384 certus
620 1315 867 1383 scilicet
888 1364 906 1393 ‚
952 1311 1254 1387 futurum
1273 1363 1288 1386 ‚
1335 1332 1411 1380 ut
1431 1312 1585 1380 belli
1603 1314 1894 1406 denique
1909 1317 2181 1406 pertoesi

101 1411 280 1479 ultro
299 1434 534 1502 pacem
569 1409 692 1501 ipsi
712 1407 983 1477 ferirent
1004 1434 1052 1488 3·v
1069 1431 1235 1476 neve
1254 1406 1404 1475 ullis
1441 1408 1829 1500 Principum
1852 1414 2136 1502 negotiis
2157 1444 2185 1494 ·‚

97 1528 180 1572 ex
216 1506 458 1596 quibus
492 1506 792 1597 pecuniae
810 1504 1026 1596 redigi
1043 1527 1177 1571 non
1198 1501 1457 1595 poss‘ent
1475 1550 1496 1582 ,
1512 1502 1578 1569 se
1595 1505 1989 1573 immisceret
2006 1556 2021 1579 ,
2044 1530 2178 1573 me-

95 1616 172 1667 tu
206 1601 454 1669 scilicet
472 1648 493 1680 ‚
539 1625 621 1667 ne
655 1597 941 1668 offensus
977 1598 1307 1690 quispiam
1336 1599 1630 1688 quietam
1664 1599 2177 1690 proficuamque

94 1694 622 1764 dominationem
659 1695 837 1762 suam
858 1693 1186 1761 turbaret:
1238 1712 1350 1770 ut,
1400 1691 1729 1760 Pontifice
1765 1694 1857 1760 ad
1888 1713 2173 1763 mortem

94 1792 629 1880 propinquante,
677 1789 1010 1856 contracta
1045 1810 1199 1852 cum
1239 1786 1647 1875 Barbarinis,
1686 1810 1856 1877 quos
1900 1789 2176 1857 Pontifi-

95 1882 517 1949 cishae'tenus
535 1885 698 1948 odio
719 1884 1065 1971 flagrantes
1087 1926 1106 1961 2
1128 1888 1194 1947 ὃς
1211 1879 1293 1945 ab
1311 1880 1550 1951 eodem
1569 1879 1678 1947 seu
1700 1880 2027 1974 Olympia
2047 1907 2171 1973 po-

95 1976 227 2041 tius
249 2022 269 2053 ,
315 1976 400 2042 ad
419 1976 650 2041 incitas
671 1972 809 2042 fere
846 1972 1182 2051 τεάειξῒοε,
1227 1974 1442 2040 eidem
1479 1974 1969 2056 reconciliavit,
2017 1980 2171 2046 &in

93 2068 393 2160 pristinas
413 2067 828 2161 possessiones
848 2067 1127 2134 restituit
1146 2115 1166 2146 ,
1184 2065 1504 2134 affinitate
1523 2115 1543 2146 ,
1564 2071 1971 2137 munimenta
1990 2094 2169 2161 quae-

93 2162 351 2245 siverit,
398 2163 638 2253 quibus
660 2162 807 2251 post
842 2180 1125 2228 mortem
1162 2160 1856 2255 Pontificis'adversus·
1877 2165 2167 2234 hostium

89 2257 351 2324 infidias
387 2259 540 2325 tuto
560 2255 903 2323 insisteret:
955 2274 1031 2322 ut
1065 2255 1432 2323 Barbarinis
1452 2258 1545 2324 ita·
1560 2258 1994 2327 reconciliatis
2015 2308 2036 2339 ,
2076 2263 2165 2328 A-

91 2351 377 2418 stallium
411 2352 518 2419 seu
538 2349 991 2441 Pamphilium
1026 2350 1423 2441 adoptivum
1447 2398 1467 2428 ,
1488 2352 1913 2420 Cardinalem
1934 2355 2190 2423 Patro-'

90 2469 251 2514 num
273 2493 295 2526 ,
341 2448 526 2513 omni
545 2446 870 2536 dignitate
889 2491 909 2523 ‚
957 2441 1240 2511 fortunis
1259 2445 1565 2512 omnibus
1585 2447 2017 2536 provolutum
2041 2499 2055 2523 ‚
2075 2450 2163 2517 a‘d
2241 2465 2243 2467 ’

90 2542 451 2632 perniciem
473 2559 829 2608 extremam
851 2540 1383 2629 praecipitaverit3
1405 2539 1538 2608 non
1555 2541 1750 2608 aliam
1771 2542 1858 2609 ob
1876 2544 2159 2623 causam,

89 2637 295 2725 quam
315 2636 508 2725 quod
540 2636 781 2702 secreta·
814 2632 1157 2725 Olympioe
1193 2641 1258 2702 ὃς
1279 2633 1783 2706 Barbarinorum
1804 2638 1888 2704 de
1909 2638 2155 2730 Regno

87 2730 549 2819 Neapolitano
583 2727 900 2797 Pontifici
933 2727 1372 2816 subjiciendo,
1418 2729 1684 2820 ejusque
1715 2731 1971 2798 ditione
1988 2735 2159 2800 inter

90 2821 162 2909 se>
188 2822 673 2900 distribuenda,
722 2821 1037 2911 Hispanis
1071 2820 1432 2912 prodidiffe
1451 2870 1473 2901 ,
1517 2826 1739 2891 indice
1773 2825 2156 2906 Azzolino.‚

87 2939 452 3005 purpuram
487 2916 739 2983 indicio
774 2915 886 2983 tali
924 2918 1324 3006 promerito,
1372 2937 1752 3010 compertus
1771 2916 2024 2988 fuisset:
2076 2940 2154 2989 ut

87 3009 436 3079 Pontificis
470 3008 849 3077 valetudine
885 3009 1321 3103 conclamata,
1372 3011 1700 3105 Olympia
1731 3015 1799 3083 in
1816 3013 2033 3082 aulam
2053 3040 2155 3082 ac-

87 3106 220 3171 cita
236 3150 259 3183 ,
305 3106 650 3197 aegrotanti
668 3104 993 3172 indivulsa
1009 3104 1329 3173 adstiterit
1349 3153 1369 3184 ,
1403 3114 1469 3175 &
1489 3110 1659 3176 circa
1675 3108 1916 3177 lestum
1938 3110 2152 3177 obdu·
2188 3190 2195 3198 .

88 3197 206 3265 &cis
240 3198 403 3266 velis
421 3197 732 3271 abstrusa,
781 3198 1650 3291 legatorumpropofitiones
1667 3205 1996 3272 audiverit
2013 3197 2037 3281 5
2082 3212 2150 3272 Sc

85 3298 153 3365 &
185 3316 626 3389 prorumpens
661 3291 933 3395 subinde
951 3294 1039 3364 ad
1072 3294 1330 3461 εὗῖἓεὲη
1348 3297 1786 3400 responderit,
1833 3312 1957 3391 pro
1976 3298 2150 3401 Pon-

1349 3412 1383 3483 3
2071 3408 2155 3483 ‚¹³1³
