2678 3646
608 119 1225 195 PERIODUS
1273 121 1687 200 SEXTA:
1893 161 1898 176 ·
1991 133 2132 227 209

40 254 147 349 se'd,
175 268 383 321 tetrum
417 244 699 338 infernum
732 246 924 337 aperit.
988 253 1276 337 Propterea
1312 245 1608 336 perversus
1641 246 1897 339 Pontifhx
1926 274 2138 316 nuncu-

39 368 216 444 patur
248 345 495 437 Angelus
529 338 723 432 Abyffi.
774 337 937 404 Sest.
962 337 1030 407 V
1051 338 1083 403 l
1105 338 1138 403 Ι
1159 337 1209 402 Ι.
1257 346 1417 412 Heu,
1462 341 1724 431 inquit,
1748 344 1897 432 sicut
1911 347 2045 411 olim
2059 352 2123 412 in

53 448 279 536 imperio
311 455 555 507 Romano
591 482 611 513 ‚
634 434 720 520 sic
752 430 914 499 hodie
944 437 1008 497 in
1044 438 1214 498 Curia
1247 446 1497 499 Romana
1546 437 1616 527 cst
1649 462 1861 530 vorago
1892 441 2130 507 divitia-

59 564 191 605 rum
222 531 544 628 turpiffima.
596 533 797 603 Crevit
825 533 1073 595 avaritia
1093 574 1113 605 ,
1143 534 1319 618 periit
1334 541 1456 595 Lex
1486 525 1521 594 ἂ
1553 533 1837 598 Sacerdote
1850 583 1864 607 ‚
1910 561 1971 599 ac
1990 534 2126 629 visio

64 635 132 701 de
147 671 152 674 -
165 628 431 724 Propheta
453 675 471 707 ,
517 625 590 704 όν
622 625 899 713 confilium
930 620 964 688 d
997 619 1317 704 Senioribus.
1367 627 1571 692 Claves
1587 628 1813 711 Ecclestae
1830 630 1970 718 stmt
1985 636 2048 696 in
2064 657 2129 695 a-

63 727 193 819 bafia
213 776 227 800 ‚
272 725 346 802 όν
359 726 644 815 ſsrvitute
675 716 990 785 ambitionis
1022 718 1096 794 s&
1130 723 1397 784 Simoniae.
1443 725 1587 787 Vitia
1621 727 1771 787 enim
1789 723 1981 812 fhrme
2025 739 2135 790 Cu-

58 824 291 888 rialium
323 822 482 885 celari
515 813 807 906 negarique
839 819 950 878 vix
980 811 1212 904 poffiint.
1272 826 1443 878 Roma
1496 815 1649 905 quast
1663 842 1868 908 gurges
1878 818 2133 909 flagitio-

61 942 209 982 rum.
258 913 424 983 Sest.
448 912 518 979 X
539 911 626 978 V.
681 919 807 974 Ecce
840 921 1014 973 Roma
1045 932 1191 972 nunc
1223 908 1294 995 est
1324 932 1534 999 vorago
1565 911 1639 987 (ἐν
1674 923 2014 978 Mammona
2046 918 2136 977 in-

46 1012 208 1102 ftrni
242 1053 263 1088 ,
308 1007 401 1074 ubi
434 1003 697 1071 Diabolus
728 1008 896 1069 totius
928 1005 1183 1067 avaritia
1223 1007 1546 1093 Capitaneus
1597 1006 1788 1094 rcfidet
1820 1056 1835 1078 ,
1882 1007 2132 1072 vendens

51 1109 461 1198 patrimonium
499 1097 700 1183 Christi
717 1143 739 1175 ‚
783 1095 932 1187 quod
937 1095 1046 1185 sua
1065 1092 1306 1185 paffione
1324 1105 1638 1186 promeruit
1657 1150 1677 1176 ,
1723 1105 1815 1190 qui
1832 1099 2133 1192 nobisprae-

67 1206 196 1291 cipit
214 1245 234 1276 ,
279 1217 343 1263 ut
365 1201 547 1287 gratis
578 1194 766 1259 demus
785 1236 805 1267 ,
851 1189 996 1281 quod
1016 1195 1196 1280 gratis
1212 1197 1521 1281 accepimus.
1562 1193 1631 1257 Id
1644 1192 1804 1257 modo
1823 1195 2048 1282 versum
2065 1195 2135 1284 est

66 1300 131 1359 in
147 1290 550 1385 proverbium:
605 1291 773 1355 Curia
807 1297 1054 1350 Romana
1086 1308 1196 1349 non
1215 1290 1362 1376 petit
1390 1309 1558 1351 ovem
1571 1286 1699 1375 fine
1713 1289 1844 1353 lana
1860 1314 1880 1352 .·
1925 1303 2138 1362 Dantes

71 1388 301 1462 exaudit
336 1432 357 1464 ,
401 1410 513 1450 non
545 1378 801 1448 dantibus
835 1379 959 1468 ostia
994 1379 1217 1446 claudit.
1287 1379 1460 1445 Mox
1496 1382 1694 1447 etiam
1733 1380 2140 1472 Sigismundi

71 1480 498 1572 Imperatoris
550 1473 1206 1565 contradispenstztionumf
1240 1471 1668 1540 exorbitantiam
1717 1476 1786 1541 in
1823 1476 2144 1543 Constan-

72 1574 259 1644 tiensi
296 1570 615 1642 Concilio
651 1568 906 1636 dietum
943 1568 1184 1657 repetit
1220 1592 1233 1632 ε
1283 1581 1487 1659 Legere
1520 1566 1765 1635 scilicet
1797 1594 1929 1644 nos,
1980 1569 2145 1637 Chri-

73 1672 214 1759 stum
246 1683 405 1737 Petro
425 1666 744 1759 potestatem
776 1664 1053 1729 duntaxat
1074 1664 1361 1727 relaxandi
1380 1681 1599 1753 peccata
1619 1709 1640 1741 ,
1685 1688 1797 1728 non
1812 1665 2148 1732 admittendi

79 1763 287 1854 dedff’.
352 1762 569 1831 Addit
604 1776 826 1824 autem
847 1756 1015 1846 ipse:
1067 1758 1239 1840 Qot
1272 1757 1345 1833 (ῥ’
1376 1776 1587 1847 quanta
1622 1756 1990 1825 exorbitantia
2022 1785 2147 1826 cum

77 1881 231 1924 conce
274 1876 391 1921 tone
422 1855 495 1930 όν
515 1852 882 1943 publicatione
916 1850 1383 1939 tsgoostottcasum
1415 1852 1884 1942 indulgentiarum
1900 1859 2152 1920 commit-

83 1970 279 2018 tantur
297 1996 317 2027 ,
364 1950 626 2037 explicare
649 1943 815 2033 potest
847 1966 1021 2006 nemo.
1068 1941 1215 2030 Ipse
1235 1942 1393 2007 vers}
1413 1945 2057 2033 impudentissimum
2076 1946 2153 2012 il-

83 2045 224 2112 lum
279 2039 844 2130 indulgentiarum
897 2053 1261 2101 mercatum
1312 2040 1446 2101 Sebt.
1487 2038 1558 2104 X
1581 2038 1651 2105 X
1672 2039 1706 2105 Ι
1728 2040 1817 2106 X.
1869 2039 1939 2106 X
1961 2041 2031 2108 X
2055 2040 2148 2107 X.

90 2140 162 2207 X
186 2138 255 2208 X
279 2136 352 2204 X
372 2137 405 2202 I
426 2135 516 2202 X.
556 2131 627 2199 X
650 2132 705 2197 L
727 2130 777 2196 Ι.
817 2127 888 2195 X
911 2130 966 2194 L
988 2129 1076 2198 V.
1124 2128 1295 2195 seriis
1313 2130 1589 2197 vocibus
1610 2135 1900 2224 exagitat
1919 2181 1939 2212 ,
1977 2143 2042 2205 ὃς
2062 2134 2148 2201 ad

90 2253 464 2302 extremum
500 2225 585 2291 fic
620 2223 995 2291 concludit:
1047 2224 1323 2315 Adparet,
1369 2226 1603 2314 nestram
1621 2246 1861 2294 matrem
1879 2229 2160 2318 Ecclcfiam

91 2327 203 2395 und
236 2351 359 2392 cum
377 2326 521 2411 filiis
531 2320 652 2408 suis
690 2316 1013 2407 Christianis
1045 2323 1182 2384 circa
1220 2343 1474 2385 normam
1507 2319 1581 2398 ὠ
1614 2322 1839 2388 modum
1889 2330 2160 2391 Poeniten-

86 2430 300 2489 tiarum
333 2418 407 2497 ὠ
439 2420 742 2481 veniarum
775 2437 885 2477 non
915 2413 1259 2479 mediocriter
1274 2409 1369 2505 ff
1387 2417 1707 2506 perplexam
1721 2436 1885 2509 atque
1900 2419 2163 2485 dilacera-

95 2537 215 2583 tam
235 2566 249 2588 ‚
299 2514 372 2590 &-
404 2510 592 2602 absque
626 2513 847 2573 Divina
880 2526 971 2598 ope
983 2508 1329 2598 semetipfizm
1363 2534 1433 2573 ex
1463 2511 1573 2576 illis
1604 2518 1859 2577 arumnis
1891 2513 2160 2602 refilvere

95 2617 447 2699 impotentem
465 2652 485 2683 ,
531 2600 993 2692 vehementerque
1023 2605 1418 2669 lamentantem
1451 2604 1517 2669 de
1532 2606 2004 2697 indulgentiarum
2021 2633 2160 2700 qua-

78 2701 316 2792 floribus
351 2709 474 2768 ὅτε.
522 2697 710 2765 Addi
742 2694 957 2786 potest
974 2693 1227 2786 duplex
1245 2697 1726 2766 documentum
1746 2748 1766 2779 ,
1814 2703 2159 2770 Germani·
2182 2734 2265 2775 Nec
2294 2742 2373 2773 non
2399 2722 2501 2769 Aa}

101 2817 256 2860 cum
291 2816 539 2869 unum,
589 2790 870 2856 alterum
904 2789 1257 2857 Gallicum.
1325 2792 1798 2861 Germanicum
1834 2796 2160 2888 prompslt
2182 2796 2294 2840 'hm
2315 2791 2451 2864 luet-11·

106 2889 236 2955 Vir
269 2885 534 2976 insignis
554 2931 574 2961 ,
621 2885 735 2973 qui
759 2885 794 2950 ἐι
815 2884 1227 2974 Principibus
1247 2934 1268 2964 ,
1315 2909 1483 2976 quos
1508 2888 1647 2954 Leo
1664 2890 1750 2956 ad
1769 2890 2056 2958 decimas
2093 2896 2161 2959 in
2185 2859 2499 2988 Ξζηάῖᾗῇἶη.

108 2982 295 3048 usum
317 2978 470 3045 belli
487 2978 643 3044 sacri
662 2978 1020 3068 erogandas
1054 2978 1435 3054 solicitavit‚
1485 2980 1816 3052 consultus
1854 3035 1874 3065 ,
1920 2986 2164 3055 librum
2189 2991 2280 3044 δί’»
2495 2980 2503 2984 ⁴

107 3073 357 3165 scripsit
390 3075 456 3141 de
488 3074 709 3139 decimis
739 3098 850 3138 non
868 3073 1184 3164 praestandis
1200 3112 1218 3154 3
1267 3077 1334 3142 in
1353 3099 1493 3166 quo
1511 3076 1814 3146 Ecclefiae
1837 3084 2163 3150 Romame

109 3170 404 3235 miseram
439 3166 677 3233 faciem
712 3167 797 3232 ad
848 3169 1078 3234 vivum
1129 3169 1453 3262 depingit.
1521 3172 1745 3265 Copia
1796 3179 1933 3265 ejus
1985 3175 2169 3264 apud

112 3262 525 3356 NVolphium
557 3265 708 3331 Lec‘l.
740 3274 923 3331 Mem.
959 3280 1112 3333 Cent.
1143 3264 1242 3331 16.
1261 3284 1324 3358 p.
1346 3287 1501 3357 230.
1545 3290 1698 3358 231.
1745 3288 1943 3337 extat.
2013 3266 2173 3333 Gal-

1102 3360 1168 3429 D
1188 3357 1237 3426 d
1973 3360 2177 3428 licum
