2586 3730
565 135 785 254 ‘AD
879 180 1793 257 LECTOREM.

154 310 330 394 tima
350 370 377 410 ,
420 305 574 388 haec
603 308 963 390 veriffima
999 306 1463 390 moliminum
1490 308 2049 395 Pontificiotum
2076 341 2253 396 cau-

149 427 228 510 [a
247 425 373 508 est.
395 428 564 543 Jam
588 424 768 507 olim
789 484 811 522 ‚
833 429 1300 534 Hieronymo
1318 424 1496 505 teste
1518 485 1543 517 ,
1572 432 2039 509 Praetextatus
2060 461 2240 542 gen-

151 543 341 643 tilis,
402 571 555 622 non
578 542 624 621 ὲ·
639 540 831 622 foece
853 539 1085 621 hom-o
1103 603 1124 640 ,
1162 539 1283 619 sed
1318 545 1374 619 R
1392 568 1670 621 omano
1691 548 2038 625 Praetorio
2066 552 2241 627 1³1·ae-

148 656 375 739 fecffls
401 719 423 758 ‚
482 654 1038 770 defignatt'lsque
1072 654 1407 756 Consul,
1471 659 1823 767 Episcopi
1861 666 2234 764 Romani,

145 776 610 860 Matronarnm
629 771 1031 851 oblationibus
1058 834 1083 871 ‚
1145 775 1254 852 uti
1290 776 1715 855 Ammianus
1754 775 2230 858 Marcellinus

145 887 490 1000 loquitur
505 949 528 988 ‚
544 890 739 968 ditati
758 888 1179 996 ,opulentia
1200 885 1475 971 illestus
1495 949 1517 989 ,
1551 889 1794 971 dicere
1813 890 2066 974 solitus
2086 893 2229 974 est:

141 1005 373 1085 Facite
392 1037 491 1084 me
510 1003 812 1110 Romame
831 1002 1002 1080 urbis
1021 1007 1394 1110 Episcopum
1414 1063 1438 1103 ,
1498 1008 1576 1082 &5
1607 1035 1708 1084 ero
1730 1012 2019 1111 protinus
2054 1009 2230 1089 Chri-

117 1119 391 1230 stianus.
416 1126 607 1215 Qae
625 1149 779 1199 non
799 1116 1048 1198 rabida
1075 1123 1314 1199 orexis
1335 1148 1506 1199 eum
1525 1119 1969 1223 stimulasset,
1984 1121 2039 1204 fi
2061 1154 2110 1202 τε
2124 1149 2229 1205 ta-

137 1234 780 1317 teReformationi
814 1241 1160 1344 proxima
1199 1239 1556 1318 Romanae
1599 1239 1852 1318 Curiae
1877 1239 2226 1349 splendo-

132 1378 293 1431 rem
310 1352 388 1432 &
405 1356 825 1460 potentiam
862 1350 1095 1432 oculis
1126 1351 1470 1460 usurpare
1489 1350 1627 1463 ipfi
1659 1356 2029 1465 integrum
2051 1356 2221 1437 fuis?-

131 1469 295 1552 stt?
352 1465 986 1550 Sedimminutum
1021 1498 1154 1579 per
1190 1465 1600 1552 doCtrinam
1642 1472 2218 1584 Euangeliieum

129 1581 633 1692 splendorem,
656 1582 1027 1668 infractam
1051 1615 1201 1667 non
1223 1586 1484 1694 parum
1505 1590 1948 1698 potentiam,
1972 1592 2048 1670 8<
2071 1619 2218 1670 ma-

126 1703 236 1814 gis
253 1697 403 1805 jam
422 1697 615 1781 fama
632 1699 986 1782 nonnulla
1010 1699 1287 1783 residua
1306 1764 1328 1801 ‚
1366 1705 1589 1812 quam
1612 1708 1684 1785 vi
1704 1702 1886 1785 stare
1907 1737 2013 1787 res
2032 1708 2216 1808 suas,

126 1837 476 1923 neputans
500 1879 520 1915 ,
542 1817 882 1898 omnibus
907 1816 1226 1899 colleffis
1247 1818 1514 1901 viribus
1533 1824 1607 1900 in
1628 1822 1994 1930 integrum
2018 1823 2087 1902 se
2107 1854 2214 1903 re-

123 1933 419 2012 stituere
438 1992 460 2030 ,
520 1934 597 2010 ὃς
617 1933 927 2038 pristina:
947 1933 1449 2044 amplitudinis
1470 1962 1903 2021 ornamenta
1933 1943 2210 2046 recipe·-

125 2078 203 2129 re
221 2046 501 2158 satagit.
554 2050 751 2126 Hinc
768 2048 939 2128 dirae
961 2046 1096 2128 illae
1116 2078 1269 2129 non
1290 2079 1445 2128 uno
1462 2055 1537 2130 in
1560 2058 1834 2164 Regno
1853 2116 1873 2153 ,
1897 2083 2045 2133 non
2068 2081 2212 2133 una

122 2169 201 2245 in
222 2165 605 2244 Provincia
622 2164 1222 2262 machinationes,
1246 2193 1428 2275 quas
1446 2166 1686 2246 modis
1707 2170 2055 2249 omnibus
2073 2185 2204 2279 pa-

123 2302 268 2361 tres
304 2278 453 2377 illi,
511 2281 753 2388 quiin
800 2283 1122 2361 Domini
1174 2280 1279 2360 sui
1318 2282 1712 2363 commoda
1745 2280 1967 2386 jurati
2003 2346 2024 2384 ,
2077 2315 2211 2395 per

121 2391 489 2504 publicam
528 2395 784 2475 mundi
818 2395 1298 2478 calamitatem
1337 2397 1776 2498 clarescunt,
1836 2399 2091 2505 juvare
2127 2404 2208 2483 δὲ

120 2508 531 2618 provehere
581 2538 733 2590 non
765 2510 1124 2594 definunt.
1187 2512 1583 2595 Accedunt
1618 2517 2021 2599 eorundem
2067 2547 2204 2627 pu-

120 2624 311 2708 blica
345 2629 563 2706 etiam
599 2620 859 2738 scripta
880 2689 903 2728 ‚
928 2657 1079 2708 non
1107 2651 1253 2710 tam
1289 2653 1735 2731 atramento,
1790 2636 2014 2742 quam
2048 2637 2198 2716 san-

121 2744 345 2853 guine
396 2766 697 2826 exarata
733 2804 753 2840 ‚
830 2743 1095 2853 quibus
1160 2742 1238 2824 id
1291 2774 1521 2826 unum
1575 2746 2064 2831 insatiabiliter
2119 2780 2197 2831 a·

119 2879 347 2965 gunt,
404 2881 488 2937 ut
534 2858 974 2969 prodigiosis·
1017 2859 1406 2941 mendaciis
1427 2924 1449 2962 ,
1512 2867 1713 2944 tetris
1770 2864 2146 2947 calumniis
2169 2929 2191 2966 ,

117 2967 469 3050 infidiofis
492 3035 516 3071 ‚
577 2971 1066 3085 finuofisque,
1123 2977 1201 3055 8<
1236 2977 1334 3056 ad
1384 2980 1857 3087 aucupandos
1894 2983 2196 3065 efferati-

112 3086 396 3197 dosque
449 3088 781 3169 adversus
861 3117 1334 3199 opportunos
1412 3096 1784 3205 quibusvis
1866 3095 2144 3202 injuriis
2165 3148 2193 3196 ,-

112 3205 686 3285 Dominantium
763 3210 1056 3288 animos·
1081 3256 1117 3307 ,·
1198 3210 1767 3321 ingeniofiflime
1859 3213 2190 3293 confifiis

109 3320 691 3433 comparatisque
759 3323 1363 3428 narrationibus,
1430 3356 1589 3409 non
1664 3330 1950 3411 tantum
2015 3335 2189 3408 San·

2030 3445 2186 3526 &coo
