2678 3646
479 113 1098 190 PERroDUS
1148 113 1687 209 QUARTAg
1986 121 2129 222 5121}

187 230 188 233 Ἴ
219 265 225 271 ·
307 255 480 309 Roma
498 240 594 306 dtu
609 236 853 318 titubans
871 284 895 316 >
910 238 1081 329 longis
1094 234 1370 304 erroribus
1383 241 1506 305 aiffa
1523 285 1548 318 ,

408 350 638 402 Corruet
654 350 680 407 ‚'
715 334 789 411 ὠ
804 332 1001 399 mundi
1016 332 1212 422 dcss'net
1243 332 1339 423 ff
1353 353 1526 426 caput.

49 432 203 503 Post
222 431 518 499 Romam
538 450 693 495 cum
712 429 1005 495 exercitu
1026 428 1200 517 petit
1217 473 1238 504 ‚
1286 434 1354 495 ὃς
1391 430 1641 519 Papam
1661 450 1817 497 cum·
1838 428 2112 498 Crucia-

47 549 270 596 torum
290 574 311 605 ‚
356 533 423 595 &
444 526 858 595 Venetorum
877 569 899 600 ,
944 543 1114 611 quos
1132 519 1249 587 fibi
1267 519 1524 590 foedere
1543 525 1759 594 univit
1776 574 1798 606 ,
1817 528 2112 593 exercitu

45 624 108 689 se
144 624 205 688 ei
240 637 696 712 opponentem
729 619 982 695 vincit,
1042 616 1497 708 sacratumque
1532 618 1710 687 hunc
1746 623 2113 688 exercitum

47 739 209 784 orco
246 715 488 781 mactat
523 751 542 793 3
606 734 769 779 mox
803 713 1002 778 etiam
1039 712 1335 778 Romam
1370 731 1601 803 petens
1621 762 1643 794 ,
1708 717 1907 807 Papae
1926 743 1953 794 ,·
1993 717 2114 807 qui

48 812 242 876 nudis
263 808 544 900 pedibus
560 809 780 898 capita
815 806 1077 873 Petri&
1097 804 1285 871 Pauli
1305 807 1917 899 circumgestaverat
1934 857 1955 888 ,
2002 833 2115 876 ex-

45 906 326 974 ercitum
345 904 625 993 turpiter
646 900 886 967 fundit.
968 900 1263 966 In‘duciae
1282 901 1373 968 ita
1391 902 1597 992 pactae
1616 904 1702 970 ad
1722 904 2112 972 Concilium

46 1000 251 1088 usque
271 1046 290 1077 ‚
336 1020 498 1088 quas
533 1000 775 1063 iterum
806 995 1026 1083 Papa,
1088 996 1388 1084 pecuniis
1422 997 1491 1062 in
1527 997 1747 1064 Gallia
1782 998 1971 1065 sacrae
2007 1023 2119 1066 ex-

46 1095 406 1184 peditionis
459 1108 768 1181 pretextu
804 1089 1162 1178 corrogatis
1200 1134 1221 1165 ,
1284 1088 1674 1183 abrumpere
1724 1110 2108 1162 tentaverat.

48 1190 204 1275 Qla
237 1210 305 1254 re
322 1186 590 1276 cognita
609 1185 765 1252 Rex
799 1180 1031 1248 Galliae
1050 1184 1400 1272 pecuniam
1437 1186 1507 1250 in
1545 1186 1793 1277 Regno
1827 1186 1944 1254 suo
1980 1188 2115 1255 col-

43 1281 279 1351 lectam
319 1277 678 1348 Pontificio
700 1278 954 1368 Legato
975 1295 1328 1366 extorquet
1347 1324 1368 1356 ,
1414 1276 1668 1370 sibique
1686 1280 1909 1348 servat.
1961 1283 2114 1350 Per-

24 1372 33 1377 *
45 1377 144 1468 git
165 1377 343 1466 Papa
364 1372 684 1441 Friderici
702 1370 1000 1437 subditos
1039 1369 1378 1439 fidelitatis
1395 1371 1798 1443 sacramento
1818 1375 2066 1444 solutos
2088 1425 2116 1455 ,a

43 1470 343 1560 aliosque
374 1469 574 1535 etiam
611 1465 914 1533 adversus
953 1464 1008 1532 F
1013 1465 1370 1534 tidericum
1405 1466 1599 1559 bullis
1621 1493 1740 1561 per
1757 1470 2110 1539 Albertum

50 1565 301 1630 Beham
320 1562 490 1629 clam
509 1558 745 1628 emissis
764 1611 778 1634 ‚
799 1568 865 1630 &
885 1561 1149 1627 tentatis
1170 1561 1368 1628 etiam
1388 1564 1524 1652 ejus
1544 1563 1920 1645 confilariiS‚
1957 1590 2120 1642 conf

6 1667 14 1675 '
46 1661 266 1737 citare3
290 1655 814 1746 Conciliumque
834 1655 1076 1722 Romae
1099 1654 1476 1722 habendum
1482 1704 1503 1736 ‚
1522 1658 1609 1724 ad
1627 1660 1818 1749 quod
1837 1660 2110 1751 Episco-

17 1794 19 1796 -
42 1776 166 1842 pos
190 1751 305 1818 fibi
323 1752 603 1819 devotos
623 1752 891 1816 vocavit
913 1795 933 1827 2
954 1750 1208 1817 indicit.
1226 1749 1539 1843 Erumpit
1557 1751 1697 1819 haec
1717 1756 2104 1844 conjuratio·

45 1850 114 1912 in
136 1845 326 1911 Italia
343 1864 488 1911 tum
508 1844 791 1928 haerente
810 1843 1171 1910 Friderico.
1195 1846 1409 1933 Cujus
1429 1865 1646 1936 partes
1666 1849 1734 1913 in
1753 1848 2109 1917 Germania

43 1940 341 2029 gnaviter
376 1935 644 2025 suscipit
664 1939 715 2022 ej
726 1957 800 1999 us
840 1933 1014 2000 filius
1039 1937 1392 2004 Conradus
1413 1985 1434 2015 ,
1480 1962 1620 2028 quo
1640 1944 1969 2008 monitore
1988 1967 2110 2009 nec

22 2031 396 2122 Episcopi,
444 2051 564 2095 nec
583 2026 870 2095 Abbates
890 2026 1260 2095 Germaniae
1281 2029 1475 2096 bullis
1494 2052 1728 2122 parent
1741 2084 1757 2107 ,
1793 2037 2110 2125 protesta-

46 2128 133 2198 ti,
201 2123 456 2191 nullum
483 2125 591 2212 jus
628 2121 752 2187 effe
789 2122 986 2211 Papae
1022 2122 1091 2187 in
1127 2122 1521 2203 Germania,
1586 2127 1936 2220 Episcopis
1973 2155 2110 2200 non

48 2219 322 2287 consciis
342 2227 406 2287 ὃς
446 2215 1012 2283 consentientibus.
1052 2228 1159 2308 Ipse
1171 2221 1303 2307 ficos
1318 2221 1481 2285 Italos
1500 2221 1688 2311 pcfiat
1703 2269 1725 2300 ,
1771 2225 2109 2313 inquiunt;

46 2327 161 2379 Nos
194 2311 226 2377 d
262 2327 379 2377 Deo
397 2311 665 2401 constituti
698 2334 850 2375 canes
865 2306 897 2375 ιὶ
914 2311 1104 2398 nqstris
1136 2310 1375 2378 ovilibus
1406 2316 1551 2405 lupos
1582 2319 1759 2382 ovilla
1774 2321 1920 2409 pelle
1951 2324 2116 2387 teHos

45 2406 362 2473 arcebimus.
459 2404 872 2471 Fridericum
907 2408 1557 2474 excommunicatum
1591 2407 2005 2480 Eberhardus
2026 2415 2114 2482 E-

48 2503 360 2592 piscopus
399 2497 894 2589 Salisburgensis
912 2498 1207 2567 absolvit.
1303 2502 1479 2568 Mox
1502 2503 1631 2571 una
1651 2527 1804 2571 cum
1826 2507 2107 2576 Othone

52 2595 342 2660 Bavariae
365 2596 555 2661 Duce
592 2591 971 2659 Ratisbonae
1009 2593 1327 2686 Episcopi
1363 2600 1806 2678 conveniunt,
1852 2601 1966 2668 ubi
2003 2602 2112 2670 Sa-

49 2681 462 2777 lisbu'rgenfis
485 2689 669 2778 gravi
705 2693 770 2754 ὃ(
807 2680 1495 2776 qma'ssbbxfiOratione
1515 2691 1916 2762 Pontificem
1952 2694 2110 2765 cum

52 2779 177 2846 suis
213 2780 498 2871 Pharisteos
515 2827 536 2858 ,
579 2780 846 2871 flamines
879 2781 1155 2871 Babylonis
1175 2829 1199 2862 ,
1238 2785 1452 2874 ipsum
1495 2785 1783 2878 denique
1816 2791 2108 2859 Antichri-

32 2875 192 2964 stum
228 2873 350 2941 effe
369 2898 500 2940 non
521 2872 1003 2963 perfunctorie,
1051 2877 1163 2944 sed
1198 2878 1472 2967 prolatis,
1506 2904 1588 2947 ex
1608 2884 2013 2979 Apocalypsi
2034 2896 2101 2957 ὃς

57 2967 118 3032 S.
145 2966 353 3034 Paulo
372 2967 756 3034 testimoniis
777 2968 1095 3052 ostendit3
1144 2969 1467 3064 simulque
1502 2993 1578 3042 ut
1597 2980 1852 3050 mature
1888 2983 1947 3047 ei
1983 2982 2100 3048 ob-

52 3063 225 3126 viam
248 3080 428 3128 eatur
445 3109 466 3140 ,
513 3069 577 3130 &
597 3060 903 3130 Albertus
923 3067 975 3153 ej
985 3069 1057 3131 us
1076 3065 1428 3145 emissarius
1447 3116 1468 3148 ‚
1514 3093 1589 3137 ac
1623 3074 2061 3143 incendiarius
2082 3125 2105 3157 ‚

55 3155 495 3246 proscribatur
511 3201 532 3232 ,
551 3175 794 3223 monet.
816 3158 1165 3250 Episcopis
1187 3179 1412 3231 contra
1432 3164 1934 3235 Pontificiarum
1956 3194 2101 3260 par-

23 3251 222 3316 -tium
244 3252 539 3319 Romam
558 3250 646 3318 ad
686 3251 1071 3321 Concilium
1091 3258 1598 3347 properantibus
1620 3309 1641 3342 ‚
1731 3263 2103 3354 Imperator

1105 3351 1198 3439 Q
1566 3397 1571 3401 -
1986 3356 2102 3425 sai-
