2678 3646
537 150 1158 225 PERIODUS
1210 148 1740 242 QUARTA.
2053 179 2181 251 137

98 273 263 341 tuing
333 285 438 348 Pro
477 270 614 364 biſse
647 271 918 364 nobistum
929 273 1206 365 finguine
1221 277 1424 338 ovium
1456 273 1735 339 decertant
1749 321 1765 345 ‚
1817 270 2023 365 Christi
2035 298 2184 368 pau-

81 388 368 461 pertatem
389 415 410 446 ,
458 374 720 434 comitum
752 372 861 459 ejus
872 369 1287 460 stmplicitatem
1322 392 1433 433 non
1445 370 1635 458 solum
1667 392 1780 434 non
1811 373 2143 438 amulantur
2160 424 2176 448 ,

69 465 186 548 sed
197 465 439 531 irrident
469 487 677 556 quoque
693 481 857 554 atque
888 469 1181 554 antiquare
1215 482 1498 532 conantur.
1594 470 1654 530 Si
1672 463 2051 554 &Antichrisi‘i
2064 493 2173 535 non

72 549 218 646 fitnt
235 597 277 637 ,-
307 559 445 650 quid
473 560 631 624 aliud
658 556 858 644 obfh'cro
872 559 1016 648 fient
1032 565 1060 623 ?
1120 559 1212 649 Est
1243 584 1312 623 ne
1344 560 1489 624 illud
1503 561 1720 651 paſsere
1754 584 1888 626 oves
1905 568 1933 626 ἓ
1975 583 2168 628 amare

81 661 357 744 gregem?
401 667 585 745 Regna
604 700 626 732 ,
672 673 787 745 opes
806 699 825 730 ‚
871 656 1051 718 aliena
1086 672 1329 745 appetere
1344 704 1359 726 ‚
1393 674 1502 744 pro
1526 657 1709 745 glo'ria
1727 701 1748 733 ,
1795 655 2067 746 dignitate
2086 660 2171 724 di-

86 749 332 838 gladiari
349 795 369 825 ,
414 751 658 814 oviculas
679 753 989 838 opprimere
1008 795 1028 826 ‚
1073 749 1306 814 occidere
1325 795 1346 827 ,
1393 748 1745 840 belligerare3
1799 749 2006 841 Christi
2022 772 2167 843 prae-

91 862 301 933 ceptum
321 850 620 910 invertunt
637 890 658 920 ,
705 844 935 909 donanti
954 848 1199 933 tunicam
1217 843 1291 920 (sy
1309 847 1549 935 pallium
1569 851 1639 909 vi
1670 843 1949 934 auferunt.
1998 849 2164 935 Qis

88 955 209 1002 tam
228 938 451 1028 ftrreus
468 988 482 1010 ,
532 958 596 1003 ut
629 935 821 1003 verius
854 939 1033 1004 dicam
1052 984 1072 1014 ,
1118 956 1238 1003 tam
1253 939 1521 1028 stolidum
1540 958 1705 1029 pecus
1721 939 1908 1029 fiterit
1922 990 1938 1013 ‚
1986 960 2048 1006 ut
2060 943 2163 1032 sti-

72 1031 331 1122 perbiam
347 1083 362 1106 ‚
392 1034 606 1124 fhstum
623 1082 638 1105 ‚
670 1032 965 1123 perfidiam
981 1078 1002 1109 ,
1032 1031 1306 1121 fraudem
1323 1078 1345 1108 ,
1370 1033 1601 1123 flagitia
1617 1085 1638 1112 ‚
1661 1036 1872 1123 scelera
1890 1082 1912 1113 2
1946 1038 2159 1110 luxum,

88 1134 400 1193 avaritiam
433 1126 762 1193 nebulonum
793 1150 933 1216 aequo
966 1133 1153 1191 animo
1170 1126 1333 1216 ferat
1348 1131 1377 1189 ?
1420 1131 1627 1207 Pejores
1661 1135 1851 1194 Turcis
1868 1175 1889 1206 ‚
1935 1142 2157 1197 Sarace-

88 1228 175 1286 nis
190 1272 204 1295 ,
256 1231 313 1286 T
304 1230 503 1289 artaris
518 1271 533 1294 ‚
579 1219 795 1310 Judaeit
804 1229 950 1309 sunt
968 1268 987 1298 ,
1018 1223 1148 1312 plus
1182 1218 1271 1287 his
1285 1217 1534 1306 omnibus
1570 1218 1887 1312 Christiana
1896 1223 2167 1316 simplici-

87 1323 195 1401 tati
227 1316 465 1407 officiunt
482 1363 503 1394 ,
547 1315 858 1381 libertatem
881 1313 1083 1406 Christi
1095 1317 1375 1407 stinguine
1391 1334 1620 1407 partem
1637 1317 1944 1405 exstindere
1960 1342 2159 1385 conan-

84 1430 182 1476 tur
197 1462 211 1483 ‚
258 1412 686 1478 dominationem
718 1415 1013 1503 arripiunt.
1109 1407 1252 1476 Cum
1284 1410 1451 1502 nostri
1464 1411 1634 1502 strv'i
1643 1410 1770 1499 stnt
1788 1459 1809 1490 ‚
1855 1412 1956 1504 ipsi
1983 1413 2157 1480 domi-

84 1512 213 1573 nari
246 1526 433 1573 contra
444 1511 545 1598 jus
568 1509 828 1598 gentium
844 1532 878 1579 ‚f
908 1505 1172 1596 adverfits
1187 1507 1326 1597 leges
1344 1552 1365 1584 ‚
1411 1506 1639 1597 auspicia
1656 1507 1730 1584 ὠ
1746 1510 1960 1573 oracula
1978 1515 2157 1575 Divi-

83 1627 156 1666 na
174 1648 195 1679 ,
241 1602 485 1676 dominos
496 1600 613 1687 sthi
624 1601 855 1691 strvire
888 1604 1106 1666 volunt.
1199 1606 1405 1666 Scitum
1437 1602 1507 1689 cst
1540 1603 1705 1692 vuff
1739 1601 2117 1670 Proverbium
2136 1653 2157 1684 ‚

61 1695 369 1784 ficerdotes
390 1697 825 1788 stiperstitionum
845 1697 1128 1787 praestigiis
1159 1699 1449 1786 caliginem
1481 1698 1642 1761 oculis
1676 1695 1952 1789 offitndere
1984 1712 2155 1764 Assor-

77 1792 279 1858 talium
294 1839 310 1862 ‚
357 1779 430 1867 c}
463 1797 778 1857 ceremoniis
809 1790 1238 1881 carminibusque
1272 1790 1420 1884 caffis
1453 1792 1636 1855 veluti
1668 1793 2042 1883 mandragora
2054 1796 2152 1884 st-

63 1885 315 1974 poriferae
355 1887 545 1975 poculo
581 1904 821 1950 mentem
855 1904 1074 1950 mutare
1089 1931 1111 1963 ,
1174 1886 1247 1962 &¹
1279 1881 1540 1949 humanis
1569 1890 1776 1951 animis
1808 1906 1972 1976 atque
1981 1889 2157 1977 stnsi-

77 1976 176 2043 bus
191 1979 472 2070 stuporem
494 1984 806 2070 propinare.
897 1990 1056 2044 Num
1088 1980 1228 2069 quid
1240 1979 1426 2069 pastor
1458 1997 1555 2043 aut
1586 2003 1722 2044 oves
1753 1982 1942 2046 tondet
1973 2026 1994 2058 ‚
2057 2002 2155 2048 aut

80 2075 324 2164 mulget3
371 2098 549 2138 nonne
583 2079 811 2138 nuntius
828 2098 946 2137 rem
963 2074 1175 2139 domini
1207 2092 1375 2163 atque
1389 2076 1577 2140 eorum
1592 2123 1607 2146 ,
1644 2071 1709 2138 ob
1746 2100 1978 2166 quorum
1995 2080 2151 2142 utili-

78 2186 252 2232 tatem
270 2174 519 2233 mittitur
535 2215 557 2247 ,
603 2193 763 2259 agere
781 2165 937 2234 debet
953 2175 981 2233 ἓ
1026 2169 1258 2235 Proinde
1273 2165 1306 2232 d
1320 2170 1475 2259 sevo
1495 2215 1515 2247 ,
1551 2169 1624 2247 ὠ
1641 2166 1791 2235 nobis
1805 2175 1993 2262 iniquo
2012 2184 2149 2241 Pon-
2219 2255 2222 2256 γ

80 2264 218 2344 tifice
233 2309 255 2341 ,
301 2263 375 2329 ad
387 2288 598 2356 aequum
614 2264 884 2354 Pistorem
900 2313 914 2338 ‚
947 2260 1448 2358 pientiſjimtimque
1465 2278 1689 2333 Patrem
1705 2285 1969 2358 provoco.
