2678 3646
4 2999 14 3287 l

9 3289 16 3386 r

487 156 497 161 ”
565 147 1771 228 PERI‘ODUS'SEPTIMA.
1983 169 2202 253 ⁹347

99 305 108 318 1
133 291 230 343 nu
258 271 594 343 ‘Tiranum
611 270 912 365 proceffit
929 315 950 349 ‚
968 268 1195 359 ibique
1214 267 1652 361 Euangeli‘cos
1671 265 2020 375 plerosque
2037 270 2204 340 iner-

134 382 274 438 mes
307 366 626 460 oppreffit
645 403 687 446 3⁷
713 383 978 432 caeteros
1006 366 1093 430 ad
1128 366 1515 431 murandam
1547 366 1935 456 religionem
1953 387 2202 456 pavore

123 467 397 555 vco‘e'git3
454 462 653 529 Urbis
691 453 1082 528 Praefectum
1106 507 1121 530 ,
1169 458 1493 526 Rhaeticae
1508 465 1728 551 gentis
1747 467 1814 529 ὃς
1833 459 2199 527 Provinciae

129 575 628 649 procuratorem
646 553 1071 621 inclementer
1085 555 1175 618 ad
1191 554 1503 643 laqueum
1521 555 1875 621 damnavit.
1895 553 2047 621 Post
2062 555 2200 621 Ca-

82 697 86 701 ·
119 652 306 720 rolus
341 659 407 721 &
428 655 581 719 Azo
600 649 802 717 Bestae
837 648 943 715 seu
981 648 1192 714 bestiae
1215 652 1664 727 centurione8‚
1711 647 2012 715 diversos-
2033 650 2193 717 Pro-

22 754 35 771 *
127 746 362 812 vinciae
395 747 613 812 aditus
649 743 989 811 invadunt.
1041 744 1325 809 Carolus
1363 742 2194 834 Tilioop‘pido'improvi-

120 838 199 907 so
233 842 493 931 impetu
511 857 844 930 occupato
878 839 946 903 in
982 836 1283 926 Templo
1322 837 1758 928 Euangelicos
1794 839 2196 928 interceptos

122 935 548 1025 inopinanter
581 931 977 999 horribiliter
995 931 1390 998 trucidavit.‘
1421 932 1720 1018 Qiidam
1738 932 1805 996 in
1826 931 2193 1022 campanile

126 1031 404 1120 profugi
438 1026 630 1093 fumo
651 1027 1054 1116 flammaque
1089 1023 1395 1092 suffocati
1426 1025 1592 1124 sunt.
1614 1025 1961 1110 'Sanctitas
1982 1026 2194 1092 Tem-

125 1122 225 1213 pli
261 1121 612 1210 inviolatos
635 1137 769 1187 non
800 1119 1075 1186 servavit
1093 1155 1113 1197 3
1161 1140 1281 1183 nec
1301 1117 1759 1184 misericordiae
1778 1119 1962 1185 locus
2000 1120 2202 1197 ullus,

124 1218 432 1306 quamvis
469 1214 798 1305 supplices
838 1212 1087 1303 palmas
1107 1212 1479 1288 tenderent„
1518 1213 1684 1278 Inde
1722 1213 2055 1279 Antonius
2077 1214 2197 1280 Pa'-

13 1311 27 1326 ’
117 1313 446 1377 ravicinus
489 1305 1414 1398 Morbergun1‚-Bertennum
1455 1352 1476 1382 ‚
1525 1305 1947 1395 Caspanum,
1995 1308 2193 1374 Man-

120 1403 354 1471 tellum
375 1452 395 1482 ,
416 1402 811 1495 Tropanum
832 1447 853 1478 ,
874 1409 938 1469 &
958 1401 1264 1490 proxima
1282 1422 1567 1488 quaeque
1600 1399 1746 1465 loca
1765 1400 2060 1491 partibus
2080 1401 2191 1468 ad‘-

112 1500 357 1586 junxit.
411 1499 644 1567 Loetus
666 1497 764 1587 his
786 1495 1082 1561 cladibus
1105 1492 1530 1560 Robustellus
1549 1537 1571 1572 ,
1618 1505 1768 1560 tota
1801 1494 1995 1563 Valle
2013 1497 2192 1586 poti·

119 1593 283 1659 titus
304 1638 325 1670 ‚
370 1592 458 1657 ad
473 1590 836 1658 Sondrium
857 1636 876 1667 ‚
924 1589 1151 1655 urbem
1172 1589 1548 1677 primariam
1568 1635 1590 1665 ,
1624 1589 1693 1653 vi
1713 1587 1819 1657 vel
1836 1606 2078 1656 terrore
2096 1591 2193 1656 su-

116 1684 476 1777 bigendam
514 1686 719 1751 ducit.
768 1684 1255 1750 Advenientem
1293 1679 1631 1748 Pontificii
1678 1685 1980 1773 prompti
2016 1686 2190 1750 exci-

123 1782 357 1869 piunt:
407 1778 797 1869 Euangelici
834 1800 954 1842 ceu
989 1776 1269 1842 alterum
1323 1775 1688 1841 Bufiridem
1723 1778 2193 1865 pertimescunt

122 1873 383 1956 merito.
436 1871 677 1937 Statim
714 1871 920 1959 igitur-
955 1871 1032 1932 iis
1068 1867 1439 1957 promiscue
1477 1886 1759 1934 mortem
1794 1870 2006 1935 diram
2025 1894 2199 1938 acer-

126 1964 417 2053 bamque
436 1964 682 2029 inflixit
702 1999 718 2040 3
768 1961 1172 2051 implacabili
1193 1960 1438 2026 ferocia
1457 1984 1685 2028 eorum
1704 1961 1876 2028 bona
1894 1963 2199 2055 diripuit,

120 2059 299 2126 *aedes
321 2059 525 2125 diruit
543 2074 656 2122 aut
675 2055 970 2121 incendit
989 2100 1010 2131 ,
1057 2073 1357 2144 parentes
1375 2056 1627 2121 occidit
1645 2092 1692 2133 ,-
1711 2055 1950 2123 liberos
1967 2061 2197 2148 conju-

122 2175 240 2249 ges
277 2152 382 2219 seu
420 2152 650 2240 ejecit,
692 2148 803 2215 seu
839 2148 1012 2215 cladi
1048 2149 1384 2238 implicuit
1420 2195 1441 2226 ,
1506 2166 1742 2216 matres
1779 2149 1860 2216 ab
1895 2170 2194 2220 extremo

124 2246 487 2337 complexu
523 2243 874 2309 liberorum
926 2241 1173 2308 avulsas
1209 2243 1581 2309 immaniter
1615 2244 1990 2312 trucidavit.
2055 2245 2193 2313 Sub

118 2341 483 2407 adventum
519 2341 653 2426 ejus
690 2335 1029 2414 nonnulli,
1076 2355 1151 2403 ut
1185 2335 1518 2402 barbaram
1539 2336 2005 2406 crudelitatem
2026 2339 2194 2407 effu-

121 2451 393 2525 gerent,
440 2435 508 2498 in
529 2450 784 2499 montes
803 2429 928 2496 sese
946 2430 1350 2497 abdiderant.
1395 2429 1779 2499 Obscuritas
1796 2431 2189 2502 latebrarum

125 2550 375 2619 paucos
396 2527 594 2594 texit:
646 2525 862 2591 caeteri
882 2523 1127 2590 flebiles
1147 2524 1510 2615 inopesque
1523 2525 1683 2593 'coesi
1708 2525 1876 2593 sunt.
1926 2528 2027 2594 Ita
2049 2528 2192 2596 Ro-

123 2621 435 2689 bustellus
473 2622 542 2687 in
578 2621 818 2710 exigua
852 2617 1019 2683 adeo
1058 2615 1406 2684 Provincia
1440 2621 1958 2711 quingentorum
1986 2621 2193 2712 (inter

124 2738 297 2802 quos
333 2739 413 2780 ne
449 2712 819 2782 Pontificiis
854 2711 1130 2801 quidem
1150 2748 1170 2790 ·,
1216 2714 1335 2802 qui
1371 2713 1407 2779 a
1443 2713 1602 2779 dirae
1623 2715 2046 2782 immanitatis
2066 2716 2193 2784 sce·-

124 2807 256 2873 lere
291 2808 707 2874 abhorrentes
727 2808 792 2872 in
830 2808 882 2894 ej
893 2828 966 2871 us
987 2805 1359 2877 societatem
1379 2830 1512 2873 non
1548 2825 1869 2876 venerunt
1890 2856 1912 2888 ,
1959 2810 2192 2902 peper-
2276 2806 2283 2807 7

126 2899 260 2990 cit)
298 2899 506 2990 strage
539 2900 757 2977 edita,
804 2898 1017 2970 Vallis
1035 2899 1294 2967 Telinae
1330 2899 1677 2991 praefestus
1698 2910 2002 2995 receptus
2021 2911 2055 2983 ,’
2076 2906 2193 2973 ad·
2274 2924 2277 2926 ’

129 2995 383 3060 vocatis
402 2994 669 3061 tandem
706 2992 1100 3062 Mediolano
1119 2994 1290 3061 Iberi
1305 2995 1691 3081 cohortibus
1705 3000 2005 3087 “patr-iam
2022 2998 2194 3067 insu-

131 3112 250 3178 per
285 3086 645 3178 turpissime
681 3087 1023 3179 prodidit,
1068 3096 1136 3158 δε
1169 3089 1515 3157 vindicum
1540 3089 2037 3181 justissir'norum
2073 3094 2197 3160 hac

126 3182 407 3272 quidem
448 3184 514 3248 in
532 3199 698 3252 terra
716 3181 1236 3274 manusseffugit.
1287 3183 1358 3249 Si
1375 3184 2090 3276 rabiemsaevitiamque
2109 3187 2198 3253 la·-

126 3294 402 3346 tronum
437 3274 683 3367 spectes
717 3323 739 3357 ,
784 3276 1684 3378 praeteritorum-‘temrpomm
1714 3283 2020 3351 omnium
2052 3302 2201 3345 cru·-

124 3376 136 3418 2-
1225 3371 1361 3439 Xx
1412 3397 1444 3438 2
2010 3396 2019 3404 ·
2089 3373 2202 3439 de-
