2678 3646
557 123 1181 209 PERIODUS
1231 136 1773 242 SEPTIMA.
2053 154 2183 244 333

102 263 273 337 tium
308 259 675 357 Epistolam
696 257 1187 329 eucharisticam
1208 310 1224 335 ‚
1242 283 1376 352 qua
1393 262 1564 330 inter
1581 262 1707 330 alia
1724 285 1877 331 eum
1901 286 2056 332 cum
2075 267 2193 335 In·-

99 361 413 430 nocentio
433 359 483 426 l.
517 355 961 436 contendens.;
987 355 1169 445 ficut,
1216 358 1437 448 inquit
1455 404 1478 437 ‚
1522 360 1612 425 ille
1645 362 1996 453 Pelagianam
2014 358 2181 428 haere-

78 455 178 545 fin
212 457 513 523 damnavit
530 456 660 544 olim
676 452 753 520 aol
782 453 1147 547 Episcoporum
1180 454 1373 543 Africa
1407 455 1762 523 relationem:
1790 457 1877 544 stc
1906 458 1986 523 ad
2001 460 2193 523 Gallo*

94 577 226 617 rum
263 551 632 644 Episcoporum
662 548 1101 640 constritationem
1118 547 1426 638 haerefin-ex
1452 550 1684 642 adverst
1716 554 2011 644 Pelagianae
2026 572 2185 645 oppo-

75 645 283 734 fittam
301 692 323 725 ,
368 650 711 713 Innocentius
725 656 791 711 X.
808 642 915 735 sua
949 640 1288 710 authoritate
1307 645 1623 738 proſsripstu
1670 645 1856 713 Belle
1891 646 2139 714 scilicet
2160 666 2188 715 1„
2244 683 2251 687 -

94 740 462 832 Pelagianae
499 737 819 808 haerefi-ex
839 738 1110 812 adverso
1147 739 1453 830 oppofita
1486 742 1618 807 fuit
1638 740 1937 808 doctri-na
1957 740 2018 808 S.
2041 744 2178 810 Au-

94 834 338 926 gustini
357 882 377 914 >
399 835 459 903 S.
481 835 843 925 Scripturaes
866 833 1269 901 authoritate
1285 833 1561 922 firmata.
1598 833 1660 901 S.
1683 835 2038 927 Augustini
2054 837 2178 928 igi-

92 948 201 997 tur
235 930 604 997 doctrinam
625 930 978 1020 Scripturae
1000 929 1399 996 authoritate
1420 929 1747 997 firmatam
1765 981 1780 1004 ‚
1830 954 1951 997 ceu
1972 932 2188 998 haere·

93 1026 296 1092 ticam
315 1026 743 1093 Innocentius
780 1024 1159 1108 damnavit,
1205 1023 1735 1115 proscripsitque.
1786 1027 2010 1117 Digna
2030 1024 2186 1117 pla--

92 1119 178 1187 ne
214 1120 611 1211 proscriptio
632 1119 1064 1195 InnocentiO‚
1110 1114 1434 1208 professo,
1480 1120 1542 1184 se
1577 1119 2018 1211 Theologum
2038 1143 2187 1188 non«.

96 1214 237 1281 effe.
260 1216 403 1302 Qu
423 1214 789 1281 doctrinam
810 1209 1081 1301 Pelagio
1100 1233 1183 1277 ex
1217 1211 1490 1278 adverso
1509 1212 1883 1302 oppositam
1907 1215 2191 1280 damna---
2285 1303 2290 1306 ἱ

31 1316 34 1318 ’
91 1310 232 1388 vit,
279 1309 669 1400 Pelagianus
707 1306 883 1373 certe
923 1303 1122 1372 fuerit
1140 1323 1447 1397 oportet3
1498 1306 1715 1374 Addit
1750 1309 2017 1381 Marca‚
2065 1332 2177 1376 ve-

91 1403 277 1471 tustae
314 1406 518 1471 aetatis
540 1400 896 1471 Ecclesiam
918 1400 1342 1468 Catholicam
1364 1448 1384 1479 ‚
1412 1402 1530 1488 stila
1569 1399 1854 1469 cathedra
1887 1409 2041 1470 Petri
2073 1429 2173 1470 au-

90 1496 357 1566 thoritate
388 1500 462 1577 t&
478 1502 853 1565 communione
869 1496 1088 1587 fitltam
1106 1543 1134 1574 5
1148 1494 1512 1586 Pelagianae
1534 1495 1782 1562 haerefis
1803 1498 2175 1565 damnatio-

91 1595 160 1660 ni
195 1593 439 1684 absque
458 1592 875 1659 cunctatione
910 1576 1353 1681 subscripsisse.
1396 1601 1590 1656 Eanos
1622 1614 1859 1682 quoque,
1907 1593 2129 1680 inquit
2148 1639 2185 1670 5.

0 1706 6 1711 “
71 1690 356 1777 ſsntentia
390 1716 452 1755 ac
466 1689 586 1777 fide
602 1684 804 1753 imbuti
822 1734 842 1765 ‚
889 1698 1142 1752 Romana
1178 1684 1401 1776 Ecclcfia
1420 1686 1739 1777 praeſsntem
1758 1731 1778 1763 ,
1798 1691 1988 1777 quain
2004 1697 2177 1762 Sum·

93 1808 183 1848 mo
217 1785 467 1871 Pontifice
501 1788 814 1848 Innocentio
833 1794 897 1846 X.
935 1787 1095 1870 viget
1112 1826 1137 1857 ,
1178 1777 1579 1845 authoritatem
1612 1776 1791 1844 debita
1826 1778 2170 1865 obstrvantia

94 1880 319 1941 colentes
337 1922 357 1953 ‚
408 1878 856 1964 constitutionem
874 1879 1088 1938 Divini
1104 1880 1369 1938 Numinis
1385 1874 1641 1961 instinctu
1658 1869 2054 1940 a‘2Beatitudine
2070 1901 2173 1941 ve-

78 1969 204 2060 stra
240 1970 514 2035 conditam
533 2015 553 2046 >
599 1967 850 2058 nobisque
882 1967 1151 2031 traditam
1187 1964 1254 2032 ab
1273 1969 1368 2032 Ill.
1388 1965 1742 2037 Athenarum
1761 1965 2170 2060 ‹Archiepifio-

83 2084 159 2157 po
181 2111 201 2142 ,
248 2070 460 2130 Nuntio
478 2063 764 2154 Apostolico
784 2109 803 2139 >
849 2062 919 2138 ὠ
942 2062 1409 2152 ρνονηιιζζαηᾶανι
1441 2061 1750 2128 curabimus
1782 2069 1843 2128 in
1860 2065 2094 2146 Ecclefiis
2112 2089 2186 2129 ac·

97 2158 418 2247 Dioecestbru
435 2159 623 2249 nostris
640 2207 654 2230 ‚
700 2176 862 2248 atque
876 2158 1023 2221 illius
1055 2161 1421 2222 executionem
1454 2158 1603 2249 apud
1615 2159 1805 2248 fideles
1823 2161 2047 2250 populos
2079 2182 2173 2224 ur-

84 2252 355 2345 gebimus.
407 2252 632 2320 Maste
667 2254 888 2317 animo
909 2251 1095 2318 Vim
1145 2251 1216 2318 N
1226 2274 1313 2316 on
1338 2252 1599 2318 ‘Divina-
1633 2250 1764 2317 ulla
1786 2298 1806 2330 ,
1855 2253 2169 2335 non-*Pro-

95 2348 364 2438 phetica
383 2394 404 2425 ,
423 2370 556 2414 non
581 2345 960 2437 Apostolica
977 2344 1338 2411 authoritas
1357 2344 1444 2411 ad
1460 2344 1992 2414 subscribendum
2013 2345 2172 2413 Bul·

95 2441 175 2507 lae
194 2465 313 2509 vos
349 2441 622 2533 subegit.
668 2438 980 2507 Exolevit
999 2441 1173 2505 enim
1210 2438 1319 2504 illa
1337 2440 1521 2530 apud
1540 2441 1886 2508 Romanos
1906 2439 2166 2509 novissi-

98 2538 224 2606 mis
259 2536 433 2603 hisce
452 2534 860 2626 temporibus
881 2535 1161 2624 penitus.
1211 2532 1432 2623 Eique
1448 2534 1846 2602 succedanea
1877 2536 2169 2603 authori-

97 2647 193 2699 tas
216 2630 569 2700 Pontificia
589 2629 960 2696 Innocentii
977 2675 998 2706 ,
1018 2652 1149 2696 non
1169 2624 1513 2721 Theologi
1534 2675 1553 2707 ‚
1591 2630 1837 2697 nedum
1869 2630 2175 2722 Prophe--

97 2742 183 2792 tae
202 2773 224 2805 ,
271 2725 578 2816 Apostoli
598 2772 618 2803 ,
665 2730 755 2790 ita
774 2722 1003 2790 oculos
1022 2722 1209 2790 vobis
1230 2722 1623 2814 praestrinxit
1640 2774 1661 2798 ,
1704 2744 1779 2793 ut
1797 2726 1858 2791 ei
1876 2748 1959 2792 ex
1979 2748 2169 2814 quer-

98 2840 185 2884 cu
219 2819 329 2884 sua
346 2818 609 2885 oracula
646 2816 953 2884 fundenti
971 2867 997 2889 ,.
1033 2819 1230 2885 etiam
1251 2821 1402 2899 cum
1425 2817 1602 2885 nulla
1636 2820 1888 2887 ratione
1923 2818 2035 2887 illa
2064 2843 2174 2885 ro·
2226 2903 2232 2907 ἱ

97 2910 357 2980 boravit
376 2957 397 2991 ,
445 2912 649 2979 fidem
686 2935 878 2996 coeco
912 2910 1155 2979 assensu
1190 2912 1577 2981 habueritis!
1627 2912 1716 2982 Et
1752 2932 1972 2982 tamen
2003 2913 2168 3004 Epi-

98 3005 277 3093 stolae
314 3006 468 3073 huic
503 3025 739 3098 praeter
758 3008 1057 3075 Marcam
1076 3053 1098 3086 ,
1144 3007 1388 3078 Virum
1425 3026 1655 3076 caetera
1686 3007 2128 3087 douiffimurn
2153 3057 2183 3080 ,ᾖ

96 3099 600 3193 subscripserunt
626 3100 888 3195 Julius,
937 3101 1310 3170 Cardinalis
1348 3102 1769 3178 Mazarinus,
1815 3103 2173 3193 Archiepi-

98 3193 285 3287 scopi
321 3198 660 3288 quinque,
706 3195 1109 3287 &Episcopi
1127 3198 1367 3289 viginti
1386 3216 1674 3288 quatuor
1689 3249 1714 3273 ,.
1752 3198 1870 3266 suo
1887 3197 2168 3288 quisque

95 3291 365 3360 nomine
382 3328 403 3375 3
423 3293 513 3361 ita
533 3290 911 3373 claudentes
930 3289 1300 3385 Epistolam
1315 3291 1849 3366 assentationibus
1867 3293 2133 3385 plenam
2153 3314 2176 3354 ι

2055 3389 2194 3451 Por--
