2678 3646
1776 54 1790 80 i*

528 138 1153 218 PERIODUS
1204 139 1735 232 QUARTA.
2056 170 2182 243 103

88 292 375 365 nuperus
398 264 770 337 Cardinah's
791 264 977 331 Bona
996 262 1064 328 in
1084 267 1303 327 Notitia
1321 268 1679 355 Scriptorum,
1699 287 1820 331 ceu
1840 268 2039 333 virum
2044 294 2186 360 gra·-

89 394 226 434 vem
245 415 266 446 ,
311 372 481 432 etiam
514 362 638 427 cum
673 361 741 426 de
773 365 932 451 nugis
944 356 1145 447 sc'ribit
1161 403 1183 435 ,
1232 360 1697 439 commendat3
1745 364 1994 427 Policrat.
2059 363 2170 429 seu

86 464 154 528 de
173 469 353 553 Nugis
391 461 701 525 Curialium
734 454 808 521 lib
845 464 929 521 VI.
969 473 1073 538 24.
1120 451 1526 543 perscripfit:
1581 453 1952 523 Sciscitanti
1988 459 2168 524 enim

89 557 437 623 Hadriano
457 601 478 632 ,
523 553 661 646 quid
673 546 907 643 dest&
941 546 1162 633 Ecclcsta
1181 561 1430 612 Romana
1441 546 1724 638 sentirent
1740 547 1986 617 homines
2001 599 2022 630 ,
2069 577 2167 619 re-

87 650 371 741 spondet
407 653 475 715 m
497 648 633 714 haec
668 643 896 711 verba:
949 656 1198 707 Romana
1233 642 1489 732 Exusta,
1549 669 1660 735 qua
1698 665 1880 712 mater
1913 653 2162 713 omnium

88 746 439 832 Ecclestarum
456 743 526 830 est
541 789 561 820 ,
586 746 654 832 st
670 765 779 805 non
810 759 929 805 tam
946 756 1185 802 matrem
1203 734 1425 803 exhibet
1441 742 1568 804 aliis
1586 786 1605 818 ,
1652 738 1820 832 quam
1838 765 2157 808 novercam.

86 842 283 906 Sedent
302 845 363 906 in
378 865 440 904 ea
439 827 627 928 scriba
646 835 719 912 ά*
753 831 923 901 Phari
941 839 1001 898 ai·
1020 880 1040 911 ‚
1070 851 1335 924 ponentes
1353 857 1516 899 onera
1551 834 1924 926 importabilia
1955 843 2019 903 in
2053 834 2157 902 hu·-

84 941 250 1001 meris
267 932 556 1000 hominum
576 979 597 1011 ,
642 954 751 1022 qua
769 930 939 1020 digito
955 952 1066 992 non
1079 932 1419 1018 contingunt.
1479 935 1864 996 Dominantur
1877 937 1939 996 in
1962 935 2116 997 Clero
2134 980 2158 1012 ‚

82 1056 177 1096 nec
192 1030 389 1119 forma
405 1029 563 1116 fiunt
586 1031 776 1118 gregi,
822 1027 916 1116 qui
948 1023 1093 1086 recto
1123 1023 1256 1086 calle
1271 1027 1464 1113 pergit
1495 1023 1575 1088 ad
1603 1030 1792 1090 vitam
1808 1051 1828 1089 .·
1855 1030 2153 1116 pretiosam

62 1126 454 1216 supelleli‘ilem
491 1137 785 1212 congerunt
800 1143 821 1181 .·
864 1140 997 1182 auro
1015 1115 1090 1193 ὠ
1109 1135 1333 1208 argento
1349 1136 1581 1182 onerant
1597 1120 1808 1208 mensas
1822 1169 1839 1193 ‚
1860 1120 1968 1207 fiti
1985 1128 2154 1189 etiam

78 1219 148 1285 ab
182 1224 431 1284 avaritia
463 1222 631 1282 nimis
649 1217 823 1305 parci.
914 1223 1069 1277 Nam
1088 1231 1304 1302 pauper
1334 1229 1434 1281 aut
1465 1213 1650 1278 nullus
1681 1262 1702 1286 ,
1761 1233 1860 1281 aut
1890 1240 2051 1282 rarus
2084 1219 2165 1284 ad

79 1318 328 1380 mittitur
343 1360 364 1392 ,
409 1336 570 1404 quem
586 1309 868 1374 interdum
887 1331 997 1372 non
1013 1326 1132 1374 tam
1153 1303 1396 1393 Christus
1411 1356 1429 1379 ,
1474 1304 1642 1399 quam
1677 1333 1834 1373 vana
1855 1311 2041 1400 gloria
2057 1318 2149 1376 in-

75 1411 328 1475 troducit.
418 1409 745 1472 Concutiunt
762 1401 1012 1491 Ecclestas
1031 1438 1051 1482 3
1076 1403 1222 1467 lites
1238 1406 1484 1468 excitant
1502 1448 1524 1480 ,
1541 1402 1801 1468 collidunt
1824 1407 2049 1471 Clerum
2066 1408 2141 1483 ὠ

61 1507 326 1596 populum
344 1549 366 1582 ,
412 1497 681 1567 laboribus
698 1497 771 1575 <fr
804 1498 1029 1587 mfiriis
1063 1494 1394 1589 affliHorum
1427 1521 1775 1590 nequaquam
1808 1506 2148 1591 compatiun-

73 1617 170 1664 tur
189 1645 203 1669 ‚
254 1596 605 1685 Ecclestaram
637 1596 891 1660 latantur
924 1592 1110 1684 spoliis
1145 1641 1161 1664 ‚
1226 1592 1300 1669 (5⁶
1334 1592 1584 1683 qualium
1617 1617 1838 1659 omnem
1888 1616 2147 1688 reputant

55 1701 342 1785 pietatem.
405 1690 705 1784 Justitiam
722 1713 832 1754 non
848 1707 968 1753 tam
984 1691 1253 1760 veritati,
1298 1683 1467 1778 quam
1485 1694 1670 1779 pretio
1688 1688 1941 1755 reddunt.
2006 1707 2142 1758 Om-

71 1793 164 1853 nia
181 1784 417 1880 na'mque
452 1811 574 1851 cum
594 1789 776 1876 pretio
810 1782 970 1848 hodie
987 1829 1008 1860 ,
1033 1782 1146 1873 sed
1172 1805 1268 1848 nec
1301 1808 1419 1847 cras
1455 1782 1669 1874 aliquid
1689 1782 1808 1869 stne
1824 1790 2012 1877 pretio
2050 1784 2142 1852 ob-

70 1879 283 1947 tinebis.
370 1879 770 1970 Nocentſsepius
789 1922 810 1954 ,
872 1876 946 1952 eb·
977 1881 1040 1940 in
1073 1899 1137 1940 eo<
1165 1877 1424 1942 damones
1455 1882 1751 1943 imitantur
1767 1925 1789 1956 ,
1834 1876 1981 1971 quod
2010 1900 2140 1947 tunc

53 1975 297 2068 prodeffi’
314 1992 592 2063 putantur
609 2017 630 2048 ,
676 1968 800 2035 cum
834 1993 1021 2033 nocere
1053 1968 1303 2057 desistunt
1321 2015 1342 2046 ,
1386 1975 1614 2059 exceptis
1630 1978 1824 2061 paucis
1839 2018 1860 2049 ,
1907 1979 2004 2063 qui
2035 1999 2136 2040 no·-

70 2096 199 2136 men
216 2069 288 2146 ὠ·
305 2067 536 2158 officium
554 2064 779 2157 pistoris
796 2065 1036 2153 implent.
1123 2062 1229 2127 Sed
1258 2062 1332 2138 (y
1346 2063 1447 2154 ipſse
1462 2077 1734 2130 Romanus
1751 2068 2003 2156 Pontifex
2017 2092 2139 2134 om-

68 2164 226 2231 nibus
246 2168 455 2254 gravis
468 2211 482 2234 ,
531 2161 604 2237 dy
620 2156 748 2249 fere
762 2154 1113 2223 intolerabilis
1131 2156 1202 2246 est
1218 2202 1238 2233 ,
1286 2163 1408 2225 &a

78 2266 80 2268 ’
164 2257 437 2326 XCIII.
485 2256 742 2344 Aperto
775 2251 934 2317 vero
953 2271 1066 2317 ore
1100 2248 1459 2342 Episcopi,
1509 2252 1837 2321 Canonici
1873 2263 1939 2325 &
1976 2255 2135 2324 Cle-
2157 2296 2267 2342 clm-
2291 2305 2393 2345 Lm,

70 2378 177 2422 rus
213 2349 546 2420 universus
586 2344 901 2415 Dioecefis
943 2344 1318 2411 Leodienfis
1356 2347 1739 2414 Romanam
1773 2349 2130 2432 Ecclesiam
2155 2363 2472 2427 dienfisadpae-

71 2447 482 2541 Babylonem
501 2442 739 2508 eodem
765 2442 902 2529 jam
921 2457 1224 2529 tempore
1259 2438 1635 2532 infigniunt.
1728 2444 1933 2513 Extat
1952 2448 2129 2514 enim
2141 2430 2324 2486 s‘has‘m
2342 2436 2400 2485 Π·

68 2544 138 2609 in
156 2540 445 2610 secundo
464 2534 830 2607 Volumine
851 2532 1313 2603 Conciliorum
1335 2580 1363 2612 ,
1395 2559 1624 2601 eorum
1642 2536 1729 2602 ad
1750 2539 2127 2608 Paschalem

71 2637 161 2703 II.
182 2633 503 2726 ejusmodi
535 2627 892 2720 responsio:
943 2630 1096 2715 Qae
1112 2633 1288 2701 major
1319 2631 1451 2694 olim
1469 2630 1592 2719 fuit
1625 2631 1850 2720 confufio
1884 2641 1945 2699 in
1965 2635 2133 2725 Baby-

70 2733 245 2802 lonia,
292 2726 457 2820 quam
477 2724 798 2813 hodieestin
814 2722 1033 2811 Ecclefia
1051 2730 1079 2788 ?
1124 2734 1200 2788 In
1216 2721 1499 2812 Babylonia
1518 2725 1746 2815 confiisto
1765 2727 1889 2817 fuit
1929 2733 2135 2823 lingua

58 2829 317 2914 gentium
333 2858 352 2900 3
397 2828 457 2887 in
476 2817 692 2905 Ecclesia
708 2817 1046 2893 dividuntur
1063 2821 1255 2908 lingua
1271 2819 1344 2895 ὠ
1361 2839 1567 2884 mentes
1584 2822 1938 2892 credentium.
1984 2834 2136 2896 cAz't

72 2931 265 2984 Petrus
297 2922 359 2982 in
390 2915 615 3005 Epssola
629 2911 737 3003 fita
754 2937 774 2975 .·
819 2914 1032 2978 Salutat
1066 2937 1170 2978 vos
1202 2913 1422 3002 Ecclcssa
1455 2938 1566 3004 qua
1585 2915 1654 3000 est
1669 2921 1732 2980 in
1748 2917 2010 3007 Babylone
2027 2924 2132 2986 col-

72 3016 224 3077 lecta.
317 3011 595 3074 Hactenus
626 3005 1054 3098 interpretabar3
1100 3007 1218 3073 ideo
1254 3006 1478 3099 voluiffe
1512 3001 1738 3076 Petrum
1772 3034 1879 3105 per
1911 3013 2130 3103 Babylo-

71 3134 199 3171 nem
225 3104 440 3195 signare
457 3116 688 3168 Romam
710 3147 730 3179 ,
776 3108 904 3192 quia
921 3120 1044 3167 tum
1060 3108 1314 3195 temporis
1349 3116 1520 3169 Roma
1554 3105 1766 3196 confiistz
1801 3108 1925 3198 ficit
1957 3112 2125 3175 idolo-

65 3207 233 3267 latria
265 3198 339 3274 &⁶
371 3203 520 3264 omni
532 3196 810 3287 spurcitia.
899 3205 1027 3268 csst
1079 3222 1224 3264 nunc
1256 3198 1410 3264 dolor
1442 3225 1593 3266 meus
1627 3191 1772 3266 mihi
1804 3209 2129 3295 interpreta-

66 3316 161 3363 tur
177 3342 199 3377 2
243 3290 390 3387 quod
402 3307 592 3365 Petrus
609 3287 914 3382 Prophetico
928 3292 1136 3386 spiritu
1158 3294 1335 3365 dicens
1351 3295 1635 3386 Ecclefiam
1651 3302 1712 3365 in
1745 3296 2005 3386 Babylone
2022 3300 2131 3361 col-

1909 3393 2131 3470 leolam,
