2652 3698
464 220 543 286 32
850 186 1468 261 ECCLESIAE
1517 156 2085 253 ROMANAE

183 308 412 391 Justiniani
540 308 812 378 XXXI.
850 306 1139 399 Johanni
1170 304 1457 370 secundo
1509 304 1704 394 Papae
1757 350 1777 381 ,
1840 305 1948 369 cui
1982 322 2496 395 cognomentum

182 394 429 456 desem-’²³⁰‘
456 402 587 471 fuit
630 407 949 470 Mercarim
984 448 1000 472 ,
1048 397 1135 463 ob
1175 396 1501 488 -infignem
1549 397 1793 462 scilicet
1843 396 2286 485 eloquentiam
2333 445 2354 476 ‚
2410 398 2497 463 fic

181 457 354 520 manas

340 477 408 505 en-

455 500 652 563 Anno
672 516 892 560 Dxxxi
916 514 966 554 Ι.
996 488 1397 580 Justinianus
1419 494 1487 557 in
1509 491 1770 557 Codice
1810 488 1902 555 lib.
1937 506 1977 556 I.
2016 497 2103 556 tit.
2121 505 2162 555 I.
2194 491 2500 578 tte-stamma

454 596 728 655 Teinttate
774 586 811 675 ζ
826 584 870 650 fi
908 583 1113 648 modo
1151 606 1456 675 germana
1490 585 1579 650 est
1613 583 1883 674 epistola
1917 630 1937 663 ,
1983 582 2171 672 quod
2203 582 2500 672 pluribus

450 682 845 771 argumentis
868 675 1347 744 Celeberrimus
1376 678 1420 767 J
1445 678 1829 768 C.Jacobus
1855 677 2112 742 Lectius
2132 678 2198 740 in
2219 676 2505 742 Praescri-

447 771 782 863 ptionibus
820 769 1256 860 Theologicis
1284 789 1488 861 »negat
1521 770 1560 861 )
1607 769 2020 835 abblanditur
2057 796 2068 835 :
2119 782 2337 861 Semper
2352 768 2503 835 nobis

430 866 559 954 fitit
587 884 855 954 magnam
868 864 1124 953 studium
1158 869 1431 929 unitatem
1466 864 1652 953 vestra
1684 864 1978 954 Apost'olt'cae
1993 864 2171 952 stdie,
2217 864 2503 952 &statum

447 960 774 1022 Sanb’t'arttm
807 971 864 1021 D
883 969 930 1022 E
946 972 982 1022 I
1004 957 1353 1045 Ecclcfiarttm
1369 958 1624 1047 ctfiodt're
1654 1005 1668 1028 ,
1716 963 1811 1047 qut
1843 956 2148 1021 hactenus
2167 954 2420 1023 obtinet
2440 964 2506 1024 &

449 1050 858 1117 incommote
880 1069 1242 1141 permanet,
1261 1050 1438 1117 nulla
1456 1051 1900 1117 intercedente
1917 1055 2314 1115 contrarietate.
2357 1051 2506 1114 Ideo-

447 1169 551 1234 que
582 1170 763 1210 omnes
792 1145 1100 1234 ſszcerdotes
1134 1145 1386 1233 universi
1432 1147 1725 1209 Orientalt‘s
1774 1147 1982 1209 trattas
2015 1144 2087 1219 ὠ
2119 1141 2382 1232 st'tbjt'cere
2433 1143 2508 1219 ά-

447 1244 607 1303 unire
617 1241 741 1327 stelt'
774 1239 959 1324 vestra
992 1240 1308 1303 SanHt'tatt's
1324 1243 1768 1329 properavimtts.
1804 1237 1848 1328 J
1854 1236 2203 1301 ustinianus
2241 1234 2508 1313 scilicet,

450 1329 497 1394 si
520 1334 571 1419 ej
581 1355 654 1396 us
675 1332 813 1397 haec
834 1331 1028 1398 verba
1046 1330 1233 1412 sunt,
1251 1333 1337 1397 ad
1355 1331 1417 1396 se
1437 1333 1761 1420 pertinere
1781 1332 2043 1421 puta-vit
2064 1377 2084 1407 ,
2103 1347 2178 1395 ut
2199 1331 2306 1394 cui
2323 1328 2507 1394 vide-

451 1443 627 1490 retur
645 1473 665 1502 ,
711 1424 1050 1513 subjiceret
1071 1424 1436 1515 Episcopos
1460 1461 1479 1504 3
1502 1433 1568 1493 ὃς
1586 1423 1633 1489 fi
1650 1424 1980 1490 videretur
2002 1471 2022 1500 ,
2044 1424 2290 1512 Papam
2301 1423 2509 1488 etiam

451 1517 789 1607 subjiceret
808 1518 940 1583 fibi.
1034 1519 1245 1606 Qlod
1279 1522 1513 1609 parum
1546 1517 1872 1605 sententiae
1907 1516 2316 1582 Pontificum
2352 1539 2507 1584 con-

441 1614 631 1702 gruit
664 1660 684 1690 ,
732 1614 1089 1703 primatum
1122 1612 1310 1678 suum
1345 1636 1478 1678 non
1513 1610 1778 1678 arbitrio
1815 1612 2295 1701 Imperatorum
2331 1656 2351 1686 ,
2397 1609 2509 1676 sed

452 1705 663 1771 verbis
719 1732 732 1771 :
801 1714 858 1772 T
849 1732 886 1769 tt
937 1732 989 1771 es
1039 1721 1230 1772 Petras
1282 1743 1300 1785 3
1365 1704 1958 1795 superstruentium.
2052 1704 2236 1769 Sicut
2286 1721 2507 1768 autem

454 1798 793 1865 Pontificii
827 1800 1127 1867 moderni
1163 1800 1460 1876 quiritari
1494 1798 1699 1864 solent
1735 1845 1754 1874 ‚
1794 1797 2234 1889 Justinianum
2292 1796 2506 1862 haete-

453 1915 574 1957 nus
614 1894 893 1957 nimium
926 1891 1042 1957 fibi
1075 1892 1395 1983 arrogasse
1432 1918 1444 1957 ε
1494 1893 1584 1957 ita
1621 1892 1780 1957 boni
1816 1894 2211 1979 quiritantur
2230 1891 2510 1968 merito,
2548 1899 2551 1902 ’

444 1985 889 2075 Justinianum
909 1986 1276 2052 Pontificiis
1298 1987 1576 2052 nimium
1595 1983 1872 2051 dedisse.v
1908 1986 2097 2053 Idem
2132 2003 2349 2050 tamen
2384 2000 2510 2069 Nq-

452 2084 598 2146 vella
641 2102 790 2144 100.
842 2078 1651 2169 Constantinopolitanum
1671 2079 1983 2144 Romano
2019 2078 2376 2145 secundum
2413 2075 2509 2141 fa-

454 2174 562 2256 cit.
613 2173 813 2240 Proin
832 2196 913 2239 ex
932 2174 1511 2265 menteJustiniani
1529 2172 1723 2238 Verba
1742 2219 1762 2250 ,
1785 2179 2210 2264 Properaw'mm
2228 2170 2509 2260 sttbs't'cere,

453 2288 607 2330 eum
628 2265 859 2331 habere
877 2266 1126 2331 sensum
1162 2267 1470 2332 videntur
1491 2314 1510 2344 ,
1557 2290 1689 2332 non
1723 2265 1846 2331 effe
1864 2313 1884 2343 ,
1931 2265 2120 2354 quod
2154 2288 2511 2353 conquera-
2583 2275 2585 2277 ’

453 2375 562 2423 tur
581 2358 759 2447 Papa
777 2405 798 2435 ,
838 2362 996 2424 cum
1016 2362 1074 2424 ei
1096 2358 1865 2450 Constantinopolitanus
1885 2383 2017 2425 non
2036 2358 2338 2448 praelatus
2360 2405 2379 2436 ,
2397 2357 2510 2423 sed

453 2450 739 2521 secundo
758 2451 905 2541 post
942 2476 1093 2519 eum
1127 2452 1281 2520 loco
1317 2452 1675 2519 collocatus
1696 2500 1716 2531 ,
1763 2453 2100 2542 adeoque,
2148 2452 2372 2542 quoad
2405 2477 2508 2519 or-

453 2544 624 2609 dinis
644 2547 1112 2636 paerogativam
1130 2594 1151 2624 ,
1195 2546 1511 2636 subje5'tus
1530 2546 1623 2613 fit.
1718 2561 1919 2638 Caput,
1968 2545 2215 2622 fateor,
2259 2550 2509 2609 omnium

457 2638 803 2725 Ecclestarum
849 2638 1200 2705 Ecclesiam
1220 2641 1593 2707 Romanam
1603 2640 2003 2732 Justinianus
2021 2641 2088 2704 in
2106 2639 2333 2703 eadem
2352 2636 2511 2726 Epi-

463 2728 623 2793 stola
643 2776 664 2806 ,
682 2730 792 2795 sed
808 2731 1092 2821 suspecta
1114 2780 1134 2810 ‚
1181 2736 1280 2800 uti
1300 2735 1587 2801 diximus
1607 2780 1627 2810 ,
1644 2735 1925 2801 vocavit.
2015 2733 2109 2798 At
2129 2734 2281 2795 cum
2298 2729 2420 2794 alia
2436 2731 2507 2795 in

467 2822 647 2910 Lege
681 2825 960 2910 Ecclesiam
996 2828 1637 2918 Constantinopolitanam
1669 2845 1825 2917 caput
1857 2824 1950 2916 effie'
1981 2830 2229 2889 ommam
2263 2824 2508 2913 Ecclesta-

461 2938 591 2977 rum
622 2917 860 2979 aliarum
888 2965 904 2988 ‚
950 2919 1128 2985 idem
1166 2917 1469 2985 definivit
1502 2965 1523 2996 ,
1563 2936 1715 2985 tum
1750 2918 2169 2983 Zenoetiam
2204 2919 2508 3007 repetiit,

461 3005 756 3094 proclive
765 3008 1067 3093 judicatu
1086 3012 1174 3077 est
1195 3058 1215 3088 >
1262 3013 1353 3077 ibi
1392 3013 1751 3077 occidentales
1767 3061 1780 3084 ‚
1828 3009 1938 3076 hic
1959 3014 2258 3076 orientales
2277 3009 2504 3077 Eccle-

460 3097 573 3162 fias
594 3097 890 3189 intelligi.
985 3102 1149 3168 Sane
1170 3106 1367 3169 etiam
1403 3108 1644 3169 Novella
1677 3127 1787 3190 42.
1828 3105 2146 3170 Mennam
2186 3104 2506 3171 Constan-

455 3189 970 3280 tinopolitanum
1005 3195 1441 3262 Patriar‘cham
1493 3204 1903 3263 oecumenicam
1935 3198 2314 3266 Patriarcham
2361 3195 2507 3263 insi-

450 3285 642 3371 gnire
655 3284 696 3377 J
705 3284 1053 3355 ustinianus
1074 3287 1250 3356 idem
1269 3286 1485 3355 nullus
1506 3289 1849 3361 dubitavi-t.

2027 3384 2343 3453 XXXII.
2363 3381 2504 3451 An-⁶
