2652 3724
626 121 1243 204 PERIODUS
1293 132 1697 206 PRIMA.
2155 163 2187 228 ³

108 271 345 325 tuanus
365 299 387 334 ‚
433 251 734 322 Michael
755 250 1052 321 Caesenas
1071 299 1094 331 ‚
1142 250 1472 319 Marsilius
1509 252 1863 321 Patavinus
1884 299 1905 332 ,
1943 253 2187 346 Johan·

107 352 479 420 Aventinus
501 397 522 429 ,
571 347 854 417 Carolus
876 346 1233 416 Molinaeus
1258 394 1278 426 ,
1326 349 1394 413 in
1413 347 1613 440 ipsius
1634 349 1833 416 etiam
1877 349 2184 418 Ecclesiae

104 446 432 514 Romanae
454 444 801 513 visceribus
823 443 1143 511 haeserunt
1162 491 1182 522 ‚
1231 444 1349 533 qui
1376 442 1435 509 S.
1460 444 1731 511 Petrum
1752 444 2048 513 Romam
2084 449 2180 514 vi-

100 534 265 609 disse
286 564 618 631 unquam,
666 540 914 607 nedum
950 542 1087 629 ejus
1124 537 1429 605 Ecclesiae
1467 537 1932 620 fundatorem,
1974 548 2047 610 &
2082 544 2177 610 vi-
2280 556 2286 561 ”

102 639 274 729 ginti
294 660 591 729 quinque
608 659 809 702 annos
830 637 1120 727 integros
1145 634 1547 702 Pontificem
1566 636 1763 727 egisse
1781 683 1803 714 ,
1849 634 1957 703 vel
1974 637 2201 724 ambi-¹

100 751 261 824 gant
300 731 590 799 multum
630 778 650 811 ,
696 729 804 797 vel
840 730 1066 820 aperte
1089 777 1109 808 ,
1158 729 1500 821 productis
1540 735 1741 798 etiam
1776 733 1844 798 in
1879 732 2181 800 medium

99 830 434 895 rationum
453 826 635 893 haud
658 825 1293 894 contemnendarum
1315 824 1529 892 castris
1553 873 1574 904 ,
1592 825 1991 895 inficientur.

191 923 281 988 Π.
334 924 522 989 Licet
541 921 699 988 vero
721 968 742 999 ,
789 938 865 987 ut
882 918 1208 1010 ambiguae
1231 919 1369 986 litis
1401 921 1595 1010 hujus
1616 918 1753 988 fata
1771 921 2182 1002 dirimamus,
2210 925 2330 968 Cim·
2361 939 2456 970 “²²’‘

99 1016 283 1085 haud
300 1015 466 1084 ferat
487 1016 768 1083 instituti
786 1013 1115 1105 praesentis
1138 1016 1306 1080 ratio
1325 1060 1347 1092 ,
1394 1039 1613 1106 operae
1633 1034 1852 1084 tamen
1888 1020 2181 1107 pretium
2207 1000 2435 1116 {Ztl‘ssffm

96 1110 334 1179 facturi
353 1112 661 1179 videmur
679 1156 698 1188 ,
745 1108 793 1174 fi
813 1109 1040 1200 paucis
1066 1127 1239 1175 certa
1275 1116 1341 1177 ὃς
1377 1109 1720 1200 explorata
1755 1111 1836 1178 ab
1872 1114 2137 1180 incertis
2159 1162 2180 1194 ,
2206 1119 2262 1192 ab
2289 1123 2429 1164 incer-

97 1206 316 1273 dubiis
336 1253 357 1285 ,
403 1204 709 1296 suspectis
730 1211 795 1272 &
833 1201 1003 1269 falsis
1041 1203 1548 1272 distinxerimus,
1615 1205 1796 1273 Illud
1831 1209 2038 1299 igitur
2071 1235 2183 1274 cer-
2209 1184 2428 1314 Zitssdssae‘-

92 1320 219 1368 tum
253 1299 810 1393 exploratumque
830 1298 920 1366 est
939 1346 960 1378 ,
1007 1298 1068 1366 S.
1091 1297 1373 1366 Paulum
1392 1346 1413 1379 ,
1433 1302 1732 1392 gentium
1753 1302 2181 1394 Apostolum,
2209 1314 2350 1369 speetu
2366 1316 2413 1368 ες

96 1420 231 1465 non
248 1400 507 1464 tantum
530 1395 614 1461 de
634 1396 1099 1462 Romanorum
1119 1388 1542 1462 conversione
1580 1394 1770 1463 fuisse
1805 1400 2010 1487 quam
2046 1423 2181 1466 ma·
2192 1380 2439 1493 ξζξζζζιέᾗ

94 1493 275 1558 xime
294 1490 652 1558 sollicitum
670 1508 871 1579 atque
889 1488 963 1555 id
982 1488 1178 1581 egisse
1199 1537 1220 1568 ,
1269 1508 1346 1556 ut
1366 1490 1664 1557 Romam
1684 1492 1941 1560 videret
1962 1542 1983 1572 ,
2031 1496 2177 1563 Aet.
2202 1459 2311 1560 stur?

93 1609 252 1653 x1x.
306 1609 412 1652 21.
453 1587 656 1652 Rom.
683 1585 733 1650 Ι.
759 1608 819 1673 9.
854 1608 954 1649 10.
991 1608 1091 1650 11.
1130 1592 1253 1653 δῖε.
1303 1586 1466 1674 quin
1505 1588 1898 1676 &ſscundum
1916 1599 2181 1682 Evange-

86 1684 231 1748 lium
245 1684 449 1771 ficum,
498 1679 725 1746 abillis
747 1728 766 1758 ,
806 1701 973 1769 quos
998 1679 1293 1746 Romam
1315 1678 1486 1746 misit
1509 1727 1530 1759 ,
1567 1685 1703 1771 ejus
1742 1705 1864 1749 ceu
1899 1686 2178 1753 ministri

95 1776 346 1844 Christi
385 1777 654 1863 nomine
689 1775 1124 1865 praedicatum
1144 1821 1164 1852 ,
1212 1797 1322 1840 eos
1360 1771 1654 1866 primum
1692 1777 1964 1846 Christo
1983 1778 2180 1848 lucri-

90 1868 333 1948 feciffe.
354 1872 557 1936 Rom.
580 1893 735 1936 xvi.
763 1888 867 1951 25.
907 1871 1058 1935 Deo
1077 1870 1354 1937 odorem
1375 1873 1776 1962 cognitionis
1812 1872 1938 1940 suae
1974 1899 2094 1965 per
2129 1876 2181 1942 i·

92 1965 286 2056 psum
305 1965 649 2055 spargente
696 1961 761 2026 εἰν
797 1961 962 2045 wast&
1000 1959 1163 2044 τόπῳ
1209 1970 1271 2028 iu
1308 1972 1462 2030 omni
1493 1968 1600 2031 loco
1633 2017 1647 2040 ,
1708 1991 1740 2032 2
1770 1968 1931 2035 Cor,
1954 1970 2040 2034 ΙΙ.
2071 1990 2175 2056 14.

94 2059 380 2127 Certum
415 2081 689 2147 quoque
723 2056 1279 2146 exploratumque
1313 2057 1403 2143 est
1440 2060 1694 2127 mature
1748 2061 1895 2130 satis
1932 2062 2178 2131 Romae

90 2153 533 2246 Evangelium
552 2150 1364 2243 praedicatum‚pluresque
1380 2153 1468 2219 ad
1484 2152 1654 2243 illud
1672 2157 2014 2225 conversos
2033 2157 2176 2226 effe.

98 2249 375 2317 Omitto
396 2248 708 2337 equidem
749 2245 1025 2313 definire
1044 2293 1063 2324 ,
1099 2270 1181 2311 an
1200 2293 1221 2325 ,
1257 2247 1448 2336 quod
1487 2247 1813 2316 Claudius
1841 2251 2026 2341 justit
2052 2254 2177 2346 Ju-

93 2345 272 2411 daeos
310 2343 534 2411 Roma
569 2339 870 2409 faceffere
893 2389 915 2420 ,
949 2340 1095 2408 Ast.
1116 2364 1244 2407 XVI
1267 2365 1292 2407 1
1315 2365 1370 2407 1.
1397 2366 1454 2408 ι.
1492 2348 1893 2413 tumultuantes
1931 2351 2180 2441 impulss-

92 2463 154 2505 re
176 2437 392 2530 Chresto
409 2488 423 2512 ,
471 2439 570 2504 uti
589 2439 656 2503 in
674 2441 726 2527 ej
737 2461 810 2503 us
829 2439 964 2504 vita
984 2435 1336 2504 Suetonius
1357 2457 1569 2505 narrat
1585 2485 1608 2517 ‚
1626 2440 1714 2507 ad
1734 2440 2179 2511 Christianam

94 2533 526 2626 Religionem
544 2534 884 2623 pertineat.
935 2532 1185 2622 Neque
1220 2532 1419 2598 etiam
1456 2533 1638 2600 certo
1675 2533 1929 2625 liquere
1966 2557 2179 2628 puto,

96 2630 560 2698 Andronicum
580 2627 931 2720 &Juniam
950 2673 971 2704 ,
1018 2628 1186 2716 quos
1222 2646 1351 2692 aute
1362 2628 1430 2717 ſs
1462 2634 1527 2694 in
1549 2625 1760 2720 Christo
1801 2629 1990 2699 fuiffe
2010 2633 2178 2700 Pau-

95 2724 199 2792 lus
223 2724 426 2792 Rom.
452 2747 541 2789 xv
557 2747 580 2788 1
595 2774 608 2787 .
634 2743 692 2810 7.
713 2719 996 2789 affirmat
1021 2768 1041 2800 ,
1062 2720 1535 2812 persecutione,
1554 2747 1757 2813 quam
1779 2724 1933 2793 Saul
1953 2751 2178 2797 move-

99 2818 251 2898 bat,
298 2817 615 2909 dispersos
655 2817 871 2885 statim
912 2816 1248 2896 Romam,
1295 2818 1394 2884 uti
1429 2817 1731 2888 nonnulli
1766 2822 2136 2912 conjectant
2154 2869 2178 2902 ‚

103 2912 362 2993 abiisse,
408 2911 632 2980 autibi
653 2904 1045 3004 praedicasse.
1098 2910 1280 2978 Illud
1315 2913 1474 2979 vero
1512 2931 1696 2980 extra
1736 2914 2173 2984 dubitationis

101 3007 311 3076 aleam
346 3007 636 3099 positum
670 3007 759 3075 est
778 3055 799 3086 ,
845 3005 961 3074 sub
997 3006 1274 3074 Nerone
1311 3008 1650 3100 ingentem
1667 3009 2173 3079 multitudinem

102 3102 630 3173 Christianorum
651 3103 893 3170 Romae
915 3099 1120 3168 fuiss'e.
1148 3103 1252 3168 De
1273 3125 1413 3192 quo
1431 3101 1517 3169 fic
1539 3102 1822 3172 Tacitus
1841 3116 1912 3173 A.
1930 3129 2037 3173 xv.
2058 3128 2171 3193 44.
2255 3121 2257 3123 ·

100 3221 164 3286 4,.
186 3198 302 3276 &a
348 3197 646 3287 loquitur
681 3224 693 3263 τ
745 3209 888 3290 Ergo
911 3194 1169 3263 abolendo
1190 3204 1404 3263 rumori
1441 3197 1479 3293 ζ
1496 3200 1831 3268 incensaea
1853 3200 1915 3267 se
1955 3200 2130 3268 urbis
2152 3212 2177 3275 )
2256 3278 2261 3281 ,

100 3309 263 3384 Qro
290 3291 550 3385 sttbdt'dt‘t
598 3318 712 3361 reos
743 3345 759 3370 ‚
806 3293 880 3372 (ῤ’
929 3290 1297 3387 quaestttffimt's
1333 3304 1511 3387 poem's
1528 3293 1706 3390 affi’ct't
1735 3346 1752 3371 .
1802 3320 1930 3389 quos
1967 3297 2176 3385 vulgus

1173 3388 1238 3454 A
1292 3409 1325 3452 z
2022 3388 2186 3455 chri-
