2678 3646
2135 179 2257 255 585

270 334 1044 476 FRANclscl
1093 335 2071 455 GUICCIARDIN
2117 385 2153 456 1

317 581 536 658 Locus
558 641 579 682 ,
600 580 944 690 historicum
967 582 1252 686 (Papatus
1272 578 1611 693 edtffi²ren5
1634 649 1654 685 2
1676 586 2089 693 restituendus
2230 644 2361 692 Just.
2384 556 2623 712 stgssjg

629 724 899 805 Libro]
923 726 1002 803 V.
1034 724 1171 832 post
1211 725 1557 808 conceffit
1578 788 1603 825 ,
1665 731 1792 810 &a
1972 812 1981 817 ζ
2246 723 2278 785 i.
2297 755 2395 834 fg.
2424 764 2522 799 φο.

356 987 359 994 .
720 936 803 1004 D
824 934 1010 1023 cujus
1046 933 1172 1007 rei,
1209 942 1275 1004 &
1297 933 1653 1004 multarum
1672 935 1944 1006 aliarum
1962 941 2233 1033 sequen·
2259 978 2417 1041 onusto
2440 930 2540 1028 Hg

305 1050 309 1058 ·
370 1040 397 1081 ,ι’
483 1026 678 1110 ,ἐξ
717 1027 894 1096 tibus
914 1029 1320 1118 temporibus
1357 1029 1681 1120 gestarum
1700 1032 2039 1102 clariorem
2061 1039 2231 1108 noti·
2249 1043 2397 1106 fl0r1'ae·

395 1185 413 1197 ζ
464 1182 474 1206 ζ
654 1115 693 1164 “¹²-
722 1124 881 1189 tiam
901 1169 923 1202 ‚
957 1144 1054 1197 res
1073 1122 1209 1212 ipsa
1228 1123 1474 1214 poscit,
1511 1130 1610 1194 uti
1630 1128 1799 1215 quid
1806 1131 1970 1218 juris
1990 1132 2058 1197 in
2081 1131 2135 1198 F
2139 1131 2232 1198 la-

503 1289 508 1296 ,
577 1232 677 1302 ἰζε
719 1219 939 1284 miniae
957 1263 979 1297 ‚
1012 1238 1161 1305 quae
1197 1240 1374 1284 nunc
1409 1231 1688 1311 Romagna
1723 1222 1997 1298 dicitur,
2033 1229 2231 1317 oppi-

196 1390 210 1398 ζ
653 1344 658 1362 1
719 1312 821 1379 dis
839 1359 862 1392 ,
893 1308 1169 1400 aliisque
1203 1310 1657 1402 compluribus
1677 1361 1698 1393 ‚
1732 1339 1882 1405 quae
1915 1318 2023 1386 vel
2054 1344 2231 1388 nunc

160 1462 162 1464 .
294 1409 339 1445 ²*
710 1405 1084 1497 poffidentl,
1114 1405 1221 1475 vel
1237 1425 1425 1474 antea
1443 1408 1636 1474 variis
1656 1412 2064 1501 temporibus
2083 1415 2233 1505 pos-

150 1497 496 1582 sederunt,
535 1502 832 1570 Romani
868 1499 1228 1576 Pontifices
1263 1501 1542 1569 habeant
1563 1550 1583 1580 ,
1619 1503 1910 1583 dicatur:
1950 1530 2226 1599 quoque

148 1594 347 1684 pacto
382 1596 463 1663 ab
499 1597 693 1664 initio
727 1619 944 1665 rerum
977 1593 1297 1663 sacrarum
1333 1596 2222 1672 administrationiduntaxat

147 1687 492 1778 praefecti,
538 1689 626 1756 ad
661 1690 902 1784 Regna
936 1698 1002 1760 ὃς
1041 1690 1327 1780 Imperia
1362 1693 1811 1782 pervenerint:
1859 1694 1943 1762 ad
1979 1695 2109 1764 hoc
2145 1715 2222 1766 ut

145 1782 221 1850 id
254 1786 454 1851 etiam
479 1804 802 1874 tanquam
840 1785 941 1852 his
974 1793 1406 1868 annexum&
1442 1786 1900 1875 conjunctum,
1947 1813 2096 1880 quae
2131 1792 2220 1858 ob

143 1875 262 1943 has
296 1896 498 1967 atque
531 1878 685 1944 alias
723 1883 939 1948 causas
991 1880 1444 1946 contentiones
1492 1878 1757 1947 diverfis
1805 1885 2216 1974 temporibus

144 1971 313 2040 inter
349 1971 707 2040 Pontifices
743 1991 946 2062 atque
976 1972 1412 2062 Imperatores
1430 1976 2218 2049 extiterint,commemo-

143 2083 339 2134 retur.

229 2159 590 2231 Pontifices
611 2161 944 2238 Romani,
989 2183 1278 2251 quorum
1297 2164 1548 2252 primus
1587 2164 1814 2232 Petrus
1847 2165 2209 2257 Apostolus
2234 2198 2482 2263 Pontificuin

142 2252 275 2325 fuit
294 2303 314 2335 ,
360 2274 632 2347 accepta
650 2255 730 2321 ab
754 2254 912 2347 Jesu
932 2255 1200 2326 Christo
1217 2258 1282 2323 in
1302 2256 1490 2324 rebus
1523 2257 1711 2326 sacris
1746 2282 1820 2326 ac
1840 2260 2082 2330 divinis
2101 2285 2213 2330 au·
2225 2268 2462 2338 Primf’ssum

140 2349 442 2429 &oritate
462 2397 482 2428 ,
506 2350 821 2418 charitate
838 2348 1295 2429 ‚submissione
1311 2397 1333 2430 ‚
1379 2352 1736 2442 patientia,
1781 2353 2014 2444 spiritu
2033 2355 2213 2426 sacro
2230 2328 2463 2383 hanutum.

141 2450 208 2512 δε
244 2445 569 2536 prodigiis
606 2444 870 2535 magni,
916 2467 1034 2534 per
1051 2443 1318 2511 illorum
1352 2446 1538 2512 initia
1574 2470 1706 2513 non
1744 2448 1951 2516 modo
1969 2469 2208 2541 poten-

136 2538 230 2606 tia
265 2538 530 2607 civili&
550 2539 881 2606 mundana
899 2539 1161 2628 penitus
1198 2538 1468 2618 nudati,
1515 2543 1960 2610 verumetiam
1994 2544 2076 2611 ab
2093 2545 2206 2613 illa

137 2634 398 2712 vexati,
444 2634 564 2700 diu
597 2632 946 2701 obscuriac
981 2628 1119 2701 fere
1153 2634 1438 2724 ignorati
1473 2631 1688 2702 fuere:
1738 2660 1966 2709 eorum
1987 2643 2201 2706 nomi-

134 2752 218 2795 ne
253 2728 432 2796 nulla
465 2753 533 2796 re
553 2729 759 2820 magis
778 2749 980 2818 quam
1013 2726 1354 2818 suppliciis
1374 2737 1439 2798 ὃς
1457 2729 1851 2813 cruciatibus
1870 2731 2201 2822 perferen·
2266 2806 2277 2816 ,

135 2823 242 2889 dis
273 2823 748 2894 innotescente,
795 2845 944 2912 quae
964 2844 1265 2889 unacum
1284 2824 1361 2889 iis
1379 2870 1401 2902 ,
1447 2826 1567 2913 qui
1601 2847 1711 2891 eos
1745 2824 2202 2916 sequebantur,

134 2915 544 2984 sustinebant.
593 2917 779 2985 Nam
811 2914 928 2983 'etfi
965 2938 1118 2984 cum
1155 2936 1430 3008 propter
1463 2918 1790 2986 infinitam
1826 2920 2202 2990 multitudi-
2219 2962 2453 3010 Eorundem

136 3034 288 3077 nem
323 3010 720 3079 diversarum
741 3012 1082 3079 nationum
1102 3020 1168 3082 &
1203 3011 1514 3080 festarum
1534 3036 1682 3103 quae
1717 3015 1786 3081 in
1805 3014 2034 3085 urbem
2054 3017 2197 3085 Ro·
2209 3026 2447 3089 persecutio-

135 3128 313 3172 mam
349 3100 844 3186 confluxerant,
890 3130 1124 3197 parum
1162 3107 1689 3175 Christianorum
1724 3109 2092 3202 progressus
2127 3121 2195 3182 ὃς

133 3201 420 3270 actiones
438 3203 1140 3363 animadverterentur}
1175 3202 1511 3295 essentque
1528 3203 1608 3270 ab
1627 3206 2047 3295 quorundam
2066 3207 2200 3274 Im-

1126 3345 1149 3362 J
1172 3320 1206 3364 e
1227 3321 1259 3363 e
1279 3321 1313 3368 e
2079 3324 2197 3393 pe-
