2652 3698
506 139 1127 224 Pitumnus
1170 142 1779 224 SECUNDA:
2095 153 2225 252 ἐς,

116 293 222 353 „Per
251 276 680 372 omnipotentem
713 280 1023 342 Dominum
1061 297 1189 367 rogo
1224 324 1240 349 ‚
1288 274 1511 364 inquit
1544 320 1565 353 ,
1610 300 1681 340 ne
1719 279 1948 368 pietatis
1998 269 2191 368 vestra

115 396 362 469 tempora
398 378 744 467 permittatis
777 377 942 437 unius
963 367 1219 436 hominis
1253 371 1484 436 elatione
1519 373 1788 437 maculari
1821 398 1841 435 .·
1885 369 2186 440 alludens

118 490 197 538 ut
220 470 310 535 ibi
330 517 351 548 ,
398 473 489 534 ita
508 475 574 537 &
597 466 752 533 alibi
770 466 858 532 ad
890 464 1081 531 illurn
1129 454 1558 549 ύῦᾗῦοαρόμενον
1581 467 1697 556 stse
1729 467 2039 560 effi’rentem
2073 466 2185 534 seu

118 569 326 630 elatum
359 563 602 653 dequo
621 562 682 628 S.
704 559 944 628 Paulus
998 584 1031 626 2
1057 559 1284 627 Thess.
1307 561 1394 626 11.
1417 582 1479 647 4.
1517 562 1929 628 vaticinatur.
2024 561 2190 628 Sub-

112 661 264 750 jicit
314 685 326 724 z
377 671 443 723 In
476 656 580 723 hac
611 661 723 750 ejm
754 654 1014 753 superbia
1046 657 1187 748 quid
1217 655 1377 722 aliud
1404 704 1419 728 ‚
1467 649 1575 743 nist
1604 663 1915 749 propinqua
1927 660 2058 748 jam
2094 656 2190 750 effi

122 750 501 844 uAntichrissi
533 772 775 844 tempora
811 751 1135 842 defignatur.
1224 752 1395 832 Qua
1429 751 1689 815 videlicet
1740 755 1896 819 illum
1927 758 2190 818 imitatur

124 847 163 940 ζ
186 845 628 939 Luciferum)
677 852 773 939 qui
801 852 1004 938 spretis
1034 852 1097 911 in
1129 848 1321 910 Sociali
1357 845 1565 937 gaudio
1598 850 1938 937 Angelorum
1970 849 2195 939 legioni-

120 943 222 1009 bus
255 944 333 1008 ad
363 945 577 1008 culmen
609 960 829 1008 conatus
863 941 932 1029 ιβ
944 939 1358 1029 stngularitatis
1389 960 1669 1031 erumpere
1704 990 1718 1013 ‚
1764 942 1945 1007 dicens
1979 969 1998 1005 .·
2023 943 2193 1034 stcper

122 1038 265 1128 astra
299 1040 411 1103 coeli
444 1033 692 1104 exaltabo
704 1037 913 1125 filium
944 1081 959 1104 ‚
1007 1033 1122 1108 &a
1166 1043 1277 1097 Ero
1310 1032 1519 1120 similis
1554 1034 1842 1128 Altiffi'mo.
1932 1035 1987 1101 E
1994 1037 2192 1126 pisto-

120 1130 184 1197 la
216 1131 305 1197 ad
341 1131 740 1198 Mauritium
777 1127 949 1217 Imp.
987 1148 1137 1217 quae
1172 1124 1264 1192 lib.
1298 1135 1386 1192 IV.
1423 1128 1582 1219 Epist.
1629 1150 1735 1217 32·
1771 1129 1862 1196 est
1881 1177 1902 1208 ,
1950 1131 2192 1197 eodem

118 1223 298 1291 sensu
336 1250 350 1290 :
404 1225 626 1289 Cunliis
661 1269 681 1301 ‚
728 1222 947 1311 inquit
985 1268 1008 1299 ,
1053 1224 1433 1315 Evangelium
1444 1223 1746 1313 stientibus
1779 1228 1951 1317 liquet
1985 1275 1999 1298 ,
2047 1224 2198 1318 quod

119 1344 255 1386 voce
292 1324 585 1384 Dominica
619 1319 812 1383 Sanc‘i‘o
845 1367 860 1390 ‚
907 1315 981 1393 (ῤ’
1031 1322 1282 1383 omnium
1331 1317 1703 1409 Apostolorum
1754 1333 1914 1386 Petro
1950 1327 2193 1412 principi

121 1413 363 1507 Apostolo
380 1463 394 1485 ‚
443 1419 609 1478 totius
641 1412 867 1501 Ecclcssae
904 1437 1034 1477 cura
1067 1410 1340 1504 commiſjlc
1374 1413 1459 1500 ιβ.
1556 1428 1703 1479 Cura
1738 1421 1788 1478 ei
1819 1422 1986 1481 totius
2020 1418 2196 1481 Eccle-

98 1501 196 1599 sta
231 1508 306 1586 &-
343 1514 686 1601 principatus
721 1511 1088 1591 committitur
1122 1543 1141 1586 3
1189 1507 1264 1584 (ῥυ
1297 1516 1486 1591 tamen
1538 1511 1871 1598 Vniveifitlis
1922 1511 2197 1601 Apostolus

108 1627 233 1669 ⁴non
251 1622 501 1668 vocatur.
562 1613 635 1668 Et
672 1606 769 1671 Vir
801 1600 1172 1693 Sanc‘lifft'mus
1205 1650 1220 1674 ,
1271 1602 1621 1691 Constzcerdos
1652 1629 1804 1670 meus
1838 1655 1853 1676 ‚
1897 1602 2199 1694 Johannes

126 1704 320 1763 vocari
358 1698 693 1787 Vniveifilis
726 1703 828 1789 Epi
848 1717 999 1789 copus
1032 1715 1272 1761 conatur.
1362 1700 1688 1764 Exclamare
1704 1723 1859 1790 cogor
1892 1726 1955 1765 ac
1989 1700 2163 1765 dicere
2177 1724 2199 1764 s

129 1808 175 1857 O
214 1811 457 1883 tempora
476 1841 490 1864 ‚
542 1807 587 1856 0
623 1805 834 1858 mores!
878 1802 960 1857 Ea
995 1793 1187 1857 cunita
1220 1797 1283 1856 in
1300 1801 1515 1884 Europa
1534 1790 1897 1860 barbarorum
1912 1798 2040 1886 juri
2052 1795 2197 1881 sunt

124 1888 353 1952 tradita.
441 1886 734 1975 Dastrac‘i‘ae
776 1884 934 1949 urbes
970 1933 985 1956 ,
1033 1886 1225 1974 everfiz
1258 1887 1427 1976 castra
1461 1935 1476 1957 ‚
1524 1888 1842 1979 depopulata
1861 1894 2165 1979 provincia
2182 1938 2201 1961 ,

124 1982 302 2047 nullus
340 1997 623 2044 terrarum
660 1979 835 2043 cultor
861 1974 1161 2042 inhabitat.
1249 1988 1324 2043 Et
1364 1998 1560 2043 tamen
1607 1983 1915 2046 Sacerdotes
1947 2032 1963 2054 ‚
2009 1987 2106 2073 qui
2137 1988 2201 2048 in

113 2079 453 2168 pavimento
487 2076 561 2151 ὠ
598 2077 777 2138 cinere
806 2070 1010 2162 flentes
1041 2075 1229 2163 jacere
1260 2070 1565 2137 debuerunt
1595 2123 1611 2147 ‚
1659 2081 1938 2141 vanitatis
1970 2082 2201 2141 nomina

107 2167 225 2259 fibi·
259 2187 520 2260 expetunt
534 2217 548 2240 ‚
595 2166 671 2244 ά
701 2171 868 2231 novis
900 2191 962 2231 ac
978 2164 1284 2258 prophanis
1318 2164 1597 2233 vocabulis
1621 2171 1954 2261 gloriantur.
1989 2170 2201 2237 Cum-

129 2287 266 2353 que
286 2262 643 2329 Mauritius
666 2260 1037 2351 Imperator
1053 2259 1461 2351 praecepiffet
1481 2308 1504 2340 ,
1549 2285 1632 2328 ne
1653 2260 1878 2330 frivoli
1910 2264 2202 2331 vocabu-

130 2356 182 2425 li
203 2374 532 2448 praetextu
549 2354 927 2442 scandalum
962 2356 1131 2421 inter
1165 2354 1535 2447 Episcopos
1573 2356 2012 2449 digladiantes
2048 2383 2203 2427 exo-

136 2452 384 2530 riatur,
431 2447 728 2540 Epistola
761 2450 850 2516 ad.
884 2449 1171 2516 eundem
1206 2449 1398 2528 data,
1445 2473 1594 2540 quae
1631 2451 1721 2518 lib.
1758 2462 1844 2520 VI.
1884 2455 2044 2547 Epist.
2091 2477 2198 2543 30.

137 2545 231 2613 est
267 2583 286 2625 3
336 2546 636 2637 Imperialo's
669 2589 691 2622 ,
735 2544 957 2634 inquit
994 2591 1015 2622 ,
1093 2551 1232 2611 ietus
1251 2545 1439 2637 penstt
1454 2595 1469 2617 ‚
1515 2552 1646 2637 quia
1679 2549 1791 2612 alia
1802 2550 1947 2638 sttnt
1959 2551 2201 2638 frivola,

131 2642 312 2707 valde
327 2645 554 2705 innoxia
570 2689 586 2712 ,
633 2657 796 2730 atque
809 2642 920 2705 alia
952 2565 1315 2705 velementer
1330 2645 1534 2719 noxia3
1580 2643 1878 2733 Numquid
1888 2669 1999 2708 non
2015 2694 2030 2716 ,
2078 2641 2204 2709 cum

141 2732 509 2825 Antichristus
528 2739 759 2799 veniens
775 2736 841 2824 ſs
856 2747 1043 2801 Deum
1058 2735 1267 2801 dixerit
1287 2784 1302 2807 ,
1326 2737 1616 2824 frivolum
1632 2737 1805 2802 valde
1819 2743 1927 2804 erit
1941 2788 1956 2810 ,
1983 2739 2094 2828 ſsd
2122 2758 2206 2817 ta-

143 2852 274 2895 men
291 2833 458 2894 nimis
477 2828 837 2920 perniciesscm
852 2835 882 2894 ἓ
924 2835 984 2894 Si
1000 2834 1370 2922 quantitatem
1383 2833 1660 2920 ſsrmonis
1678 2833 2015 2899 attendimus
2034 2883 2047 2907 ,
2093 2834 2208 2899 duae

123 2922 267 3013 stcnt
278 2920 501 3011 ſjllaba.
545 2928 604 2987 Si
622 2919 758 2987 vero
761 2923 977 3015 pondus
993 2930 1304 3016 iniquitatis
1319 2974 1334 2997 ,
1380 2927 1639 3016 univeistz
1642 2932 1928 3018 pernicies.
1977 2938 2090 3020 Ego
2108 2954 2208 2993 atc-

145 3035 261 3082 'tem
276 3016 522 3104 fidenter
537 3017 655 3082 dico
669 3066 685 3089 ‚
731 3024 861 3109 quia
878 3023 1110 3110 quisquis
1122 3021 1190 3110 st’
1222 3022 1594 3109 univeifiilem
1633 3010 1973 3088 Saierdotem
2008 3042 2176 3089 vocat
2195 3073 2212 3095 ,

145 3112 254 3175 vel
262 3116 455 3176 vocari
486 3111 749 3200 destderat
764 3162 779 3185 ‚
824 3115 1132 3180 inelatione
1144 3116 1254 3205 fica
1271 3114 1677 3210 Antichristum
1694 3123 1986 3210 pracurrit
2017 3144 2037 3181 .·
2081 3123 2213 3209 quia

125 3204 490 3296 stiperbiendo
521 3210 589 3296 se'
622 3213 824 3274 coeteris
843 3216 1124 3301 praeponit.
1210 3220 1328 3275 Nec
1358 3210 1558 3303 dispari
1570 3211 1831 3304 superbia
1864 3213 1942 3279 ad
1969 3236 2214 3278 errorem

141 3301 401 3402 wilm,
447 3306 579 3402 quia
590 3301 740 3403 ficut
762 3307 1057 3405 persvefflis
1073 3307 1161 3379 ille
1176 3318 1330 3472 Dss’us
1346 3307 1538 3381 videri
1555 3309 1688 3377 vult
1699 3311 1869 3404 stiper
1901 3330 2083 3378 omnes
2120 3302 2216 3369 ho-

1310 3424 1350 3471 2
2013 3423 2190 3470 nune-5
2208 3448 2227 3478 φ
