2678 3646
518 153 1130 237 PERIODUS
1180 158 1723 234 SEPTIMA.
2022 167 2153 260 265

81 299 353 376 juventur
387 325 405 370 3
452 289 682 383 demque
734 290 1037 355 Concilium
1073 287 1469 353 Tridentium
1499 283 1680 351 cunm
1714 281 1957 378 reltgiosb
1991 282 2165 381 obfir—
2220 303 2226 309 “

85 409 247 455 vent.
372 410 459 453 uo
495 385 716 451 edieto
751 381 1029 474 perculsi
1066 380 1292 473 Belgae
1313 428 1333 460 ,
1379 379 1571 447 simul
1607 380 1801 471 quod
1838 403 2172 448 novorum

87 482 580 574 Episcoporum
604 477 909 546 Pontifici
926 475 1522 545 addictissimorum
1534 479 1779 567 jugum
1798 474 1915 542 sibi
1954 476 2174 567 impo-

88 582 156 644 ni
177 625 197 657 ,
231 578 494 665 aliaque
513 575 654 641 dira
672 591 900 640 contra
920 571 1016 638 fas
1053 573 1279 663 legum
1315 570 1732 662 publicarum
1768 570 2076 638 adversus
2112 571 2174 638 se

73 676 213 762 jam
234 671 495 762 pridem
516 668 844 759 supplices
865 664 1024 734 faffi
1042 666 1509 735 Gubernatrici
1548 665 1980 757 Margarithae
2019 667 2173 734 Par-

91 765 289 832 mensi
313 766 600 856 rigorem
621 764 1100 853 deprecantur,
1148 764 1303 831 &in
1344 760 1741 852 Hispaniam
1779 760 1866 827 ad
1905 760 2171 851 Regem

90 862 376 952 Legatos
397 861 576 926 idem
599 875 961 925 tentaturos
982 857 1323 924 destinant.
1350 855 1482 922 Sed
1500 856 1671 924 adeo
1695 854 1861 921 nihil
1877 854 2174 924 subdito-

57 1005 70 1012 ·
85 980 231 1023 rum
254 976 477 1046 preces
498 963 563 1023 &
591 952 941 1045 lachrymae
962 950 1392 1043 profecerunt
1410 999 1431 1030 ,
1478 969 1554 1018 ut
1574 949 1695 1040 ipsi
1734 973 2008 1040 quoque
2046 951 2172 1017 Le-

83 1053 220 1142 gati
242 1097 261 1127 ,
308 1050 427 1139 qui
445 1065 754 1115 venerant
773 1045 1164 1135 obsequium
1183 1049 1654 1123 memoraturi,
1702 1043 1747 1109 fi
1786 1044 1972 1111 nullo
1992 1069 2171 1115 novo

84 1168 279 1214 onere
299 1161 700 1211 tentarentur
719 1177 736 1219 3
761 1140 1270 1230 Regiorumque
1288 1137 1734 1207 ministrorum
1753 1140 2171 1230 tyrannidem
2208 1187 2211 1190 >

93 1239 511 1330 deprecaturi
537 1283 556 1315 ,
589 1233 695 1302 vel
714 1233 919 1301 delusi
940 1235 1222 1325 turpiter
1242 1280 1260 1311 ,
1295 1231 1401 1299 vel
1446 1231 1801 1298 crudeliter
1838 1240 1903 1300 ὃς
1942 1252 2170 1300 contra

79 1338 186 1425 jus
210 1336 510 1425 gentium
530 1327 723 1398 occisi
746 1327 1032 1407 fuerint,
1068 1344 1221 1395 utUt
1257 1345 1577 1394 evocante
1613 1334 1680 1395 δε
1707 1324 1984 1416 jubente
2025 1327 2171 1418 ipso

87 1432 282 1520 Rege
301 1428 388 1494 ad
412 1426 977 1516 eamlegationem
998 1425 1033 1491 a
1053 1422 1178 1489 suis
1218 1420 1499 1514 protrusi
1535 1421 1752 1489 essent.
1787 1421 2176 1512 ·Miffusque

85 1548 245 1591 mox
267 1546 420 1589 cum
440 1520 814 1613 ingentibus
836 1518 1125 1585 militum
1147 1519 1359 1609 copiis
1380 1518 1447 1583 in
1469 1515 1779 1608 Belgium
1808 1516 2173 1586 Ferdinan-

83 1620 207 1686 dus
237 1617 608 1686 Toletanus
645 1614 832 1681 Albae
870 1616 1072 1692 Dux,
1117 1616 1298 1679 lutum
1335 1610 1505 1678 illud
1518 1613 2172 1704 finguinemaceratum

94 1714 273 1803 (quo
293 1713 562 1779 nomine
579 1709 742 1777 olim
763 1709 1118 1776 Tiberium
1136 1706 1377 1774 venisse
1397 1706 1751 1773 Suetonius
1771 1708 1842 1775 in‘
1876 1710 2012 1798 ejus
2033 1710 2171 1776 vita

88 1828 195 1896 cap.
221 1829 250 1890 5
271 1827 330 1892 7.
368 1806 607 1871 author
627 1804 741 1879 est)
789 1822 1066 1891 accepto
1087 1804 1285 1868 etiam
1308 1804 1343 1868 a
1365 1803 1488 1868 Pio
1508 1801 1839 1868 Pontifice
1858 1801 2080 1893 galero
2100 1811 2168 1872 δε

88 1901 315 1990 gladio
355 1897 715 1964 Pontificiis
753 1896 1055 1984 precibus
1094 1895 1377 1973 sacrat03
1429 1899 1733 1961 Concilium
1756 1899 2040 1987 finguinis
2074 1898 2172 1963 in-

91 1995 301 2061 stituit
321 2040 341 2071 ‚
380 1992 684 2059 Comites
723 1986 1134 2060 clarissimos,
1187 1988 1627 2078 Egmontium
1664 1997 1730 2057 δε
1767 1990 2171 2061 Hornanum

95 2111 167 2155 ca
179 2091 313 2178 pite
334 2086 547 2177 plexit
567 2131 588 2163 ,
620 2083 909 2172 denique
929 2083 1236 2149 Proceres
1256 2081 1493 2174 Belgas
1513 2083 1598 2149 ad
1620 2083 2003 2151 Duodecim
2021 2087 2175 2152 viri-

88 2183 151 2250 le
187 2182 356 2248 illud
377 2177 766 2248 Concilium
784 2178 1050 2244 vocavit
1069 2224 1090 2256 ,
1137 2195 1232 2243 ut=
1251 2178 1457 2268 Regii
1493 2177 1940 2246 Procuratoris
1977 2202 2171 2247 accu-

91 2276 446 2345 sationibus
467 2270 924 2342 satisfacerent.
974 2271 1266 2347 Albanus
1285 2270 1437 2350 ille,
1473 2271 1759 2342 hominis
1780 2274 2169 2355 monstrum,

90 2373 222 2439 fine
243 2373 461 2438 fronte
496 2367 806 2457 jaetaban
840 2366 1215 2457 ofi'todecim
1267 2365 1417 2458 (alii
1452 2365 1667 2458 duplo
1701 2371 2016 2459 majorem
2054 2395 2172 2437 nu-

90 2491 346 2536 merum
367 2462 642 2555 notant)
688 2460 895 2527 millia
916 2460 1265 2553 Belgarum
1289 2508 1309 2539 ,
1347 2460 1768 2530 &sexcentos
1788 2464 1850 2530 se
1871 2464 2167 2533 carnifici
2222 2536 2224 2539 f

90 2566 350 2632 tantum
387 2556 946 2647 contrucidandos
982 2555 1244 2623 dedisse.
1296 2554 1482 2624 Sicut
1516 2576 1736 2625 autem
1776 2557 1919 2626 fieri
1952 2579 2128 2628 amat
2150 2609 2170 2640 ,

95 2678 169 2725 ut
204 2662 299 2749 qui
316 2662 482 2724 nimis
500 2657 788 2744 emungit,
803 2652 1140 2743 fingtcine'm
1153 2654 1346 2716 eliciat.
1395 2652 1589 2719 Prov.
1611 2651 1614 2653 ’
1633 2651 1704 2719 X
1727 2653 1797 2721 X
1819 2653 1908 2720 X.
1937 2676 2041 2744 33.
2079 2658 2172 2726 ita

95 2750 428 2819 fortissimi
463 2753 531 2816 in
566 2747 806 2837 Belgio
841 2745 1155 2813 libertatis
1190 2747 1485 2813 vindices
1522 2746 1863 2817 luculento
1894 2796 1916 2828 ,
1980 2757 2048 2818 &
2099 2752 2170 2819 in

94 2846 316 2914 omnia
353 2842 585 2911 Secula
617 2841 878 2909 victuro
910 2840 1221 2931 exem-plo
1258 2839 1789 2911 demonstrarunt
1807 2892 1827 2923 ,
1880 2835 2173 2937 graviffi-

94 2961 236 3006 mos
258 2939 382 3005 effe
402 2937 650 3006 morsus
670 2937 932 3004 irritatae
953 2934 1337 3003 necestitatis
1360 2963 1372 3003 :
1423 2944 1490 3006 8<
1526 2957 1602 3005 ut
1636 2937 1766 3006 leni
1786 2962 1861 3005 ac
1880 2940 2029 3005 miti
2047 2941 2170 3008 im-

93 3036 278 3126 perio
299 3033 554 3101 habitos
578 3028 1414 3122 fideliflimos-permanere3
1463 3030 1548 3105 fic
1573 3033 2030 3108 crudelitatem
2067 3054 2163 3102 at-

93 3154 226 3220 que
261 3148 574 3198 terrorem
607 3124 869 3194 infirma
902 3124 1028 3192 effe
1059 3125 1707 3199 charitatisvincula.
1773 3130 1961 3197 Nam
1987 3129 2160 3218 justa

90 3228 351 3292 tantum
370 3225 464 3291 ira
479 3246 555 3290 ac
575 3221 1026 3313 desperatione
1044 3221 1129 3289 ad
1149 3218 1620 3291 fortitudinem
1633 3224 1828 3294 erecti
1844 3223 1906 3315 κ
1906 3227 2006 3290 uti
2024 3221 2162 3289 fere

88 3319 249 3406 solet
284 3318 434 3411 plus
468 3316 790 3411 impetus,
827 3318 1033 3408 major
1070 3316 1427 3479 conll'tantia
1461 3314 1660 3411 penes
1695 3318 1960 3388 miseros
1995 3315 2159 3407 effe)

110 3443 117 3449 ·
1112 3412 1168 3480 L
1977 3429 2167 3479 caete-
