2678 3646
504 164 634 255 146
911 96 2148 224 EchEsr'AE.RoMANAE

410 308 413 310 “
496 275 942 347 testimonium
966 266 1318 336 Sabellicus
1351 315 1367 338 ,
1433 265 1509 333 N
1513 264 1806 330 auclerus
1843 263 1916 331 δὲ
1948 262 2210 331 Platina¹
2237 269 2296 333 ei
2335 271 2552 360 perhi-

499 359 671 437 bent.
738 369 842 436 EX
861 387 1036 432 mera
1070 363 1274 452 igitur
1308 358 1699 426 dominandi
1718 356 1992 423 libidine
2011 367 2032 436 ,’
2080 367 2145 425 &
2181 362 2320 426 auri
2353 363 2550 431 sacer·
2586 386 2589 389 ·

500 467 663 531 rima
697 458 868 526 fame
887 504 908 536 ,
954 479 1154 545 quam
1189 451 1546 544 Apostolus
1567 451 1854 518 radicem
1891 454 2193 518 omnium
2226 454 2549 522 malorum

501 538 735 631 vocat,
780 548 1149 641 ingeniosus
1185 549 1252 614 in
1271 571 1407 614 rem
1426 546 1605 612 suam
1640 542 2066 629 Bonifacius,
2112 545 2552 637 indulgentia·
2608 569 2611 571 ·

501 671 643 716 rum
681 642 1191 734 pleniffimarum
1227 659 1555 732 praetextu
1583 686 1601 718 ‚
1665 662 1921 704 novum
1958 640 2320 731 aucupium
2357 663 2552 708 exco-

500 742 737 831 gitavit
754 784 775 815 ,
822 736 1275 827 promulgavit
1293 781 1313 813 ,
1364 743 1429 802 &
1449 733 1913 826 Purgatorium
1934 779 1955 810 ,
1975 736 2163 822 quod
2183 735 2378 824 Papae
2400 758 2554 806 con÷

498 833 831 899 flatorium
850 829 1001 907 est„
1025 828 1565 896 terriculamentis
1603 828 1992 893 dementatis
2029 828 2405 896 hominibus
2443 830 2558 895 ob-

501 923 704 992 trusit.
794 922 1008 992 Ausus
1028 940 1248 990 tamen
1266 921 1586 1012 impostor
1605 919 1712 987 hic
1732 916 1836 986 est
1854 923 2237 988 venerandae
2274 924 2559 1012 antiqui-

501 1020 651 1086 tatis
670 1018 1135 1084 authoritatem
1157 1016 1576 1107 praetendere.
1670 1013 1775 1078 Sic
1797 1016 1970 1091 enim
1993 1014 2239 1082 bullam
2258 1016 2561 1096 indiffio-

505 1114 602 1178 nis
639 1111 765 1179 suae
802 1110 1105 1177 inchoat:
1157 1116 1578 1201 ‹Antiquarum
1612 1105 1777 1173 habet
1821 1110 1929 1195 fida
1964 1113 2153 1176 relatio
2173 1158 2192 1189 ,
2239 1107 2387 1202 qubd
2414 1137 2559 1177 acce-

500 1204 753 1271 dentibus
786 1206 864 1270 ad
911 1201 1282 1270 honorabilem
1317 1205 1596 1292 Bcfilz'cam
1630 1208 1892 1294 Princzpis
1926 1207 2294 1296 Apostolorum
2332 1206 2557 1296 comesfl}

488 1300 605 1385 βω*
621 1325 824 1390 magnae
858 1298 1183 1390 remzffiones
1201 1298 1273 1375 ὠ
1289 1300 1636 1388 ἐπάκζξεηῑὶαε
1655 1316 2016 1389 peccatorum.
2106 1298 2212 1363 Sic
2231 1299 2431 1366 audet
2450 1299 2563 1366 ille

502 1416 733 1459 verum
766 1394 1053 1481 antiquae
1090 1390 1392 1459 Ecclesiae
1421 1390 1783 1483 Jubilaeum
1804 1437 1825 1469 ,
1871 1393 2182 1459 nimirum
2203 1394 2559 1484 gratuitam

506 1484 946 1556 remiffionem
967 1503 1393 1577 peccatorum
1431 1509 1548 1576 per
1568 1483 1907 1552 Christum
1927 1486 2282 1578 profligare
2299 1535 2320 1566 ,
2368 1495 2434 1556 &
2452 1511 2561 1555 ve·-

505 1580 805 1647 nerandae
824 1581 1251 1646 nihilominus
1286 1580 1695 1670 antiquitatis
1716 1581 1983 1646 nomine
2002 1604 2204 1671 nugas
2242 1589 2307 1650 &
2341 1581 2560 1672 super-

510 1674 842 1741 stitionem
860 1673 1039 1741 suam
1075 1675 1443 1741 venditare.>
1523 1673 1882 1740 Enimvero
1903 1720 1923 1751 ,
1969 1672 2151 1764 fiper
2185 1681 2434 1766 antiquos
2466 1678 2561 1741 in-
2666 1757 2669 1758 γ

508 1766 755 1859 telligit
787 1767 1045 1834 vetulos
1066 1767 1368 1857 Bullistas
1388 1815 1409 1845 ,
1457 1775 1523 1835 δε
1560 1769 1864 1834 Datarios
1887 1813 1908 1845 ‚
1956 1768 2255 1834 concedo
2274 1815 2295 1847 ,
2315 1772 2442 1836 hoc
2461 1792 2557 1835 re-

508 1861 826 1929 lationem
860 1860 1127 1928 illorum
1164 1860 1392 1929 tulisse.
1482 1859 1611 1925 Sed
1632 1862 1822 1949 quod.
1856 1862 2112 1949 antiqui
2147 1863 2366 1928 Patres
2386 1910 2408 1941 ‚
2454 1861 2562 1929 vel

510 1953 622 2020 alii
657 1957 913 2045 antiqui
948 1955 1291 2045 scriptores
1327 1955 1412 2020 de
1438 1952 1727 2046 Jubilaeo
1747 1953 2105 2021 Pontificio
2124 2001 2144 2032 ,
2191 1956 2381 2045 quod
2414 1969 2560 2047 Papae

510 2047 815 2139 auriftrum
846 2052 1123 2116 Paffolum
1156 2048 1312 2115 scite
1346 2072 1479 2114 non
1515 2071 1710 2113 nemo
1744 2047 2078 2139 infignivit
2112 2085 2130 2127 3
2197 2050 2559 2141 quicquam

510 2140 850 2209 retulerint
868 2190 890 2222 ,
935 2143 1356 2209 mendacium
1376 2141 1465 2209 est
1484 2141 1821 2236 πτξάπκχι
1857 2146 1995 2209 imo
2015 2161 2281 2210 centum
2301 2145 2558 2211 cubitos
2600 2183 2606 2194 x
2641 2166 2678 2184 ‘⁴

522 2234 819 2326 longum.
1254 2266 1258 2269 ·
2210 2242 2218 2248 ’
2269 2289 2279 2300 ·
2475 2308 2477 2310 ,

171 2359 457 2420 cmrsacomf-
601 2326 921 2399 CXVIII.
974 2330 1328 2397 Coeterum
1361 2351 1509 2419 quae
1547 2326 1899 2396 Bonifacio
1941 2326 2248 2421 Jubflaei,
2296 2332 2561 2400 centesi-

171 2423 336 2532 '‘u“‘f'fg
354 2424 449 2488 Μ-
511 2444 625 2488 mo
660 2445 932 2513 quoque
963 2445 1135 2491 anno
1170 2425 1475 2514 primitus
1512 2423 1923 2496 instituendi,
1973 2425 2202 2492 eadem
2236 2425 2562 2516 sequenti·
2661 2443 2663 2445 ’

173 2488 438 2607 ΞζἙῄ-’,ζξε
509 2515 632 2582 bus
692 2517 888 2607 Papis
925 2518 1210 2604 ejusdem
1247 2518 1331 2583 ad
1367 2515 1961 2610 breviustemporis
1998 2517 2281 2608 spatium
2305 2539 2560 2587 contra-

172 2614 235 2693 ,σά
248 2614 418 2661 brevius
458 2678 466 2685 ,
511 2608 711 2676 hendi
746 2609 930 2676 causa
965 2609 1095 2676 sine
1114 2610 1320 2677 dubio
1339 2610 1579 2677 extitit.
1673 2612 1863 2698 Qud
1882 2613 2056 2677 enim
2092 2613 2364 2704 impulit
2403 2614 2561 2682 Cle-

174 2681 485 2796 ἕξῗζζὶᾖζξ”
510 2720 797 2768 mentem
818 2707 934 2774 V1.
967 2721 1042 2769 ut
1065 2704 1231 2770 hanc
1251 2701 1671 2770 festivitatem
1691 2704 2043 2773 centesimo
2078 2729 2349 2798 quoque
2382 2732 2556 2776 anno

151 2811 153 2813 ·
510 2792 868 2860 secundum
919 2795 1344 2876 Bonifacium
1395 2796 1846 2866 celebrandam
1881 2847 1902 2878 ,
1929 2794 1931 2796 ’
1964 2801 2050 2866 ad
2101 2802 2561 2894 quinquagesi-

513 2907 699 2951 mum
734 2887 1109 2956 reduceret?
1155 2892 1323 2958 Auri
1356 2889 1526 2956 sacra
1560 2889 1763 2959 fames
1783 2941 1804 2972 ,
1868 2902 1933 2962 &
1967 2891 2459 2963 offertoriorum
2479 2919 2561 2963 ex

400 2974 407 2982 ’
514 2976 941 3068 indulgentiis
975 2982 1517 3072 ampliffimorum
1553 3008 1789 3077 magna
1823 2986 1965 3079 spes
1984 3035 2006 3067 ‚
2069 3012 2200 3078 qua
2234 2989 2320 3056 fic
2355 2990 2559 3058 elatus

514 3077 582 3139 δε
603 3070 1157 3142 dementatus—fuit
1174 3122 1195 3153 ,
1240 3095 1316 3143 ut
1332 3079 1400 3143 in
1419 3077 1611 3147 Bulla
1628 3079 1738 3146 sua
1755 3081 2026 3172 Angelis
2062 3082 2342 3150 Paradifi
2379 3108 2559 3150 man-
2626 3096 2628 3101 ’

418 3204 423 3209 2
514 3162 738 3259 daret,
783 3182 858 3230 ut
873 3165 1115 3230 animas
1150 3171 1570 3237 morientium
1604 3175 1671 3238 in
1688 3175 1917 3240 itinere
1952 3178 1988 3243 a
2016 3177 2415 3270 *Purgatorio
2448 3201 2563 3268 pe-

517 3257 690 3348 nitus
707 3255 1027 3326 absolutas
1044 3258 1113 3324 in
1131 3259 1412 3328 Paradisi
1430 3262 1707 3351 gloriam
1725 3267 2162 3339 introducant.
2218 3271 2408 3361 Qud
2425 3272 2556 3338 Bo-
2605 3301 2622 3330 1

2398 3361 2561 3456 nisa:
