2678 3646
555 188 688 253 104
990 110 1607 226 ECCLESIAE
1658 149 2217 222 ROMANAE

543 281 739 345 leffam
759 323 778 353 3
784 276 1058 369 praevidit
1074 269 1429 361 confifionem
1447 266 1766 357 diffinfiom‘s
1773 315 1793 346 3
1811 292 1917 360 qua
1940 266 2369 360 hodiescmditur
2386 277 2605 365 Ecclffiae

541 372 654 448 &a
700 372 835 455 Qz·
846 371 969 458 sint
1002 365 1244 432 turbines
1258 363 1326 428 ab
1375 363 1564 453 Africo
1582 412 1595 434 ‚
1644 364 1892 453 discimus
1911 366 2173 454 patiendo
2192 374 2365 457 magis
2380 419 2394 440 ,
2441 371 2607 461 φάγῃ

544 466 762 555 legendo
777 514 792 535 ,
839 465 907 526 de
922 481 1070 526 terra
1103 455 1357 524 horribili
1375 505 1396 536 3
1443 454 1475 522 ci
1496 471 1740 523 Romana
1753 459 1961 548 scillicet
1998 459 2216 534 Eccleffla
2234 510 2248 532 ,
2295 463 2434 540 vasto
2468 467 2607 530 dura

214 569 331 618 Petri
359 569 528 636 Blesen-
547 565 800 623 nuntiata
817 557 886 644 cst
900 550 1065 632 mihi3
1087 554 1214 620 inde
1231 551 1388 618 turbo
1406 572 1469 617 ut
1484 552 1757 643 tempestas
1774 558 1938 617 vemt
1953 550 2021 617 ab
2039 553 2242 644 Africo.
2265 555 2523 624 &ebed
2541 568 2606 628 ὃς

200 635 280 697 β’·
549 652 779 717 Petrus
816 646 1121 714 Blesenfis
1158 649 1227 713 in
1250 645 1544 737 Epistola
1561 649 1646 711 ad
1667 644 2050 711 Officialem
2068 649 2292 737 aperte
2314 648 2607 719 Romam

550 744 876 829 Babylonem
912 763 1109 811 vocat
1127 789 1148 822 ,
1211 742 1576 830 monetque
1613 738 1996 807 Officialem
2015 789 2036 819 ,
2085 761 2159 809 ut
2179 766 2261 808 ex
2299 767 2372 808 ea
2407 745 2608 813 disce-

549 839 679 904 dat.
882 863 884 866 ’

214 957 497 1018 Totquerela-
635 932 904 1002 XCIV.
954 931 1217 998 Miraris
1254 929 1508 996 causam
1542 923 1919 1014 acerbarum
1953 930 2122 997 adeo
2158 930 2612 1019 querelarum?

209 1019 446 1129 {ngas‘fi‘
556 1027 785 1094 Haeret
804 1027 914 1093 illa
949 1024 1466 1093 inPontificum
1504 1025 1788 1091 maxime
1828 1026 2291 1093 Romanorum
2326 1030 2611 1120 tyranni-

211 1100 490 1214 Ραᾏῖᾖὲῑῖᾏς,
559 1124 681 1201 de,
730 1121 1119 1189 dominandi
1138 1119 1451 1198 libidine,
1496 1143 1713 1186 rerum
1752 1122 2144 1187 Divinarum
2180 1140 2613 1212 contempni,

554 1217 1006 1308 persecutione
1026 1216 1511 1306 Imperatorum
1530 1223 1595 1283 ὃς
1613 1215 1764 1281 vere
1787 1213 2087 1281 fidelium
2110 1262 2130 1293 ,
2176 1214 2445 1305 ahisque
2464 1240 2613 1307 pro-

212 1340 508 1405 past-halim,
550 1303 793 1403 fligatae
812 1310 1174 1381 eorundem
1192 1311 1429 1377 mentis
1449 1311 1633 1376 natis,
1727 1307 2047 1375 Paschalis
2086 1310 2172 1375 ΙΙ.
2212 1309 2613 1377 Hildebran-

210 1414 522 1463 Hem-immas,
551 1406 722 1473 dinis
742 1405 1034 1497 partibus
1054 1405 1356 1472 addictus
1378 1405 1750 1470 Henricum
1788 1404 2262 1493 Imperatorem
2284 1405 2523 1472 Romae
2542 1407 2612 1474 in

209 1479 522 1605 {ffliffqdussw'
549 1500 826 1595 Synodo
863 1501 1085 1567 denuo
1122 1502 1655 1567 excommunicat
1694 1546 1715 1576 ,
1781 1497 2043 1564 haerefin
2098 1499 2569 1567 Henricianam
2588 1539 2610 1582 3

202 1606 465 1670 perstquimr.
547 1597 899 1664 docentem
920 1613 1337 1662 contemnere
1371 1594 1560 1661 bruta
1596 1594 1898 1659 adversus
1936 1594 2369 1684 Imperatores
2390 1592 2612 1662 fulmi-

545 1714 628 1756 na
650 1739 664 1766 ‚
714 1691 982 1758 damnat
1017 1729 1036 1771 3
1104 1690 1470 1781 Episcopos
1505 1687 1950 1754 obedientiam
1983 1688 2121 1753 sedi
2157 1689 2478 1755 Romanae
2503 1693 2610 1778 ju-

546 1808 684 1851 rare
701 1785 960 1876 subigit.
1055 1785 1426 1850 Henricum
1448 1781 1662 1849 filium
1679 1782 1971 1861 seducit3
2019 1799 2095 1848 ut
2117 1783 2376 1849 Patrem
2396 1784 2482 1850 ad
2500 1784 2610 1850 de-

544 1881 891 1969 primenda
911 1880 1182 1969 Imperii
1200 1877 1473 1970 insignia
1509 1874 1973 1966 compelleret,
2019 1876 2323 1966 adeoque
2357 1877 2610 1968 serpen-

536 1975 743 2040 tinam
763 1975 1018 2064 parenti
1038 1974 1312 2063 gratiam
1332 1969 1614 2038 referret.
1638 1970 2009 2037 Henricum
2030 1970 2324 2049 Romam
2344 1974 2607 2039 Venien-

539 2086 675 2134 tem
695 2116 715 2147 5
763 2069 847 2135 de
866 2068 1260 2135 investituris
1316 2066 1703 2134 omittendis
1756 2064 2129 2155 interpellat
2153 2104 2183 2150 3
2250 2065 2330 2131 ab
2366 2066 2605 2133 eodem

542 2166 697 2229 cum
735 2163 1223 2253 Episcoporum
1260 2159 1542 2252 Regalia
1560 2207 1586 2239 ,-
1627 2177 1702 2226 ut
1720 2161 1899 2249 prius
1921 2159 2334 2249 promiserat,
2372 2161 2604 2251 ·Impe÷

543 2259 744 2322 ratori
763 2256 1049 2324 relaxare
1088 2256 1475 2323 detrectaret
1496 2302 1516 2332 ,
1564 2271 1795 2344 captus
1818 2302 1839 2333 ,
1885 2272 1961 2320 ut
1996 2254 2450 2320 liberationem
2488 2254 2604 2321 ob-

540 2350 775 2417 tineret
794 2397 814 2428 ,
852 2352 1208 2438 juramenti
1227 2349 1362 2417 fide
1381 2350 1603 2417 denuo
1623 2350 1958 2439 promittit
1978 2396 1997 2426 ,
2044 2349 2107 2415 se
2126 2350 2603 2440 Imperatorem

537 2467 659 2510 nec
695 2444 778 2510 de
796 2444 1188 2511 investituris
1207 2443 1771 2535 interpellaturum
1808 2442 2091 2533 amplius
2115 2492 2136 2522 ,
2183 2468 2301 2510 nec
2337 2467 2604 2511 excom-

547 2541 1036 2606 municaturum
1059 2565 1071 2604 :
1122 2558 1188 2606 at
1207 2562 1364 2605 mox
1385 2541 1454 2604 in
1476 2535 1792 2605 Concilio
1815 2537 2223 2605 Lateranenfi
2259 2536 2486 2604 fallens
2524 2538 2600 2604 fi-

548 2633 703 2697 dem
721 2632 1148 2725 privilegium
1167 2633 1296 2699 hoc
1315 2684 1329 2706 ,
1378 2632 1487 2699 seu
1506 2679 1527 2710 ,
1546 2634 1646 2699 uti
1666 2633 1991 2699 vocabant
2009 2632 2119 2698 alii
2138 2680 2159 2711 ,
2190 2636 2600 2724 pravilegium,

546 2724 852 2803 damnat,
899 2735 963 2795 &
998 2726 1198 2795 laicos
1234 2727 1640 2794 investituras
1661 2773 1682 2804 ,
1727 2725 1835 2793 seu
1860 2730 1967 2816 jus
2006 2728 2334 2817 prodendi
2355 2727 2409 2793 F
2415 2727 2600 2793 lami-

543 2839 654 2881 nes
674 2817 1243 2911 Episcopulosque
1260 2869 1281 2900 3
1328 2830 1392 2890 ὃς
1411 2821 1766 2888 sacerdotia
1785 2845 1902 2912 per
1934 2823 2187 2914 virgam
2207 2820 2600 2891 &baculum

547 2908 983 2978 confirmandi
1001 2951 1020 2992 3
1084 2915 1198 2981 sub
1232 2915 1642 2982 anathemate
1678 2916 1891 2983 dantis
1928 2924 1991 2985 δε
2029 2918 2413 3008 accipientis
2449 2910 2600 2982 laici

547 3001 855 3089 prohibet
890 3040 909 3082 5
976 3004 1012 3095 ζ
1030 3030 1230 3095 quam
1266 3011 1334 3075 in
1371 3030 1505 3076 rem
1544 3008 1733 3099 plura
1785 3008 2189 3078 doctissimus
2244 3013 2474 3079 Petrus
2505 3011 2597 3077 de

547 3095 779 3160 Marca
801 3101 1418 3193 Concord.Sac.&Imp.
1454 3102 1545 3169 lib.
1568 3116 1716 3174 VIII.
1742 3129 1848 3171 20.
1898 3129 2154 3172 narrans
2192 3104 2442 3172 consuli
2476 3129 2597 3194 po·
2662 3105 2666 3185 j

541 3188 662 3254 test
680 3187 718 3279 )
766 3190 833 3253 in
854 3207 1190 3257 mortuum
1208 3193 1679 3281 Imperatorem
1701 3200 1790 3263 ita
1807 3199 1986 3266 saevit
2006 3246 2027 3278 ,
2045 3217 2120 3267 ut
2139 3202 2414 3266 cadaver
2435 3200 2600 3265 Leo=
2658 3221 2661 3283 J

544 3280 640 3347 dii
683 3284 820 3371 jam
854 3281 1193 3372 sepultumv
1239 3307 1325 3380 ex·
1353 3285 1700 3375 sepulchro
1755 3291 2008 3359 extrahi
2033 3292 2285 3382 jusserit
2320 3340 2340 3372 ,
2404 3290 2595 3358 stare·

2462 3406 2594 3471 que
2650 3408 2653 3464 ᾗ
